3022 5040
377 311 615 389 GEORGE
650 311 927 391 CORYAT'S
961 316 1173 397 POEMS

237 497 381 594 Suscipe
398 519 462 592 pro
479 518 604 593 regno,
621 518 687 592 pro
706 494 838 586 Musis,
855 495 1030 595 Principe,
1050 526 1173 599 posco

283 595 505 670 Provoluens
521 593 673 692 pedibus
689 595 836 692 paucula
852 596 958 670 verba
975 599 1059 674 tuis.

235 698 289 770 Re
315 699 420 786 nam,
440 695 620 795 Regnum,
640 695 769 768 Musas
785 697 985 771 immaniter
999 724 1134 776 omnes

285 723 458 871 gausidici
473 795 635 893 spoliant,
653 794 891 896 dilaniantque
908 823 1001 890 suas,

234 896 417 994 Decipulis
441 895 577 995 legum,
593 894 725 994 linguis
741 895 935 987 venalibus,
952 915 1044 988 astu,

285 997 490 1094 sumptibus
506 996 716 1082 immodicis,
735 996 998 1098 innumerisque
1014 1001 1133 1076 malis.

234 1099 319 1171 Non
338 1114 421 1194 peto
439 1096 643 1169 Causidicos
659 1097 720 1212 qui
737 1121 857 1169 causas
873 1097 990 1171 dicere
1005 1102 1106 1194 vere,

282 1198 349 1272 Sed
365 1198 428 1297 qui
445 1222 511 1296 pro
527 1199 625 1270 lucro
641 1197 755 1270 dicere
772 1193 858 1269 falsa
874 1198 1000 1271 solent.

232 1300 308 1372 Lex
325 1297 428 1383 bona,
446 1297 532 1396 legis
548 1312 584 1368 et
601 1311 655 1369 est
670 1296 789 1369 bonus
807 1322 903 1370 usus.
921 1299 958 1372 δι
975 1302 1141 1397 optimus
1159 1307 1280 1380 ordo:

282 1400 350 1470 Ast
366 1397 460 1470 bona
476 1397 566 1493 saepe
584 1396 699 1469 malus
717 1422 789 1469 non
807 1397 896 1470 bene
914 1414 1036 1472 mactat
1054 1402 1188 1478 homo.

232 1499 332 1571 Hinc
350 1499 402 1570 vis
418 1499 456 1570 &
472 1495 561 1587 lites,
579 1497 683 1570 dolus
701 1497 738 1569 δι
756 1493 868 1588 furor,
885 1498 1052 1597 impetus,
1072 1505 1202 1592 ardor,

280 1600 405 1694 Quum
423 1598 529 1669 trahit
545 1597 589 1669 ad
607 1621 725 1670 mores
740 1598 875 1695 optima
917 1624 1043 1699 uaeque
1061 1604 1196 1679 malos.

230 1698 386 1795 Quando
403 1698 510 1770 trabit
526 1697 740 1798 retrahitque
757 1698 851 1770 viros
867 1625 915 1771 ad
929 1699 1030 1773 devia
1045 1699 1195 1803 legum,

280 1799 335 1872 Ut
353 1798 464 1871 Cacus
482 1797 683 1871 Herculeos
700 1799 804 1870 traxit
820 1798 866 1872 ad
882 1815 981 1872 antra
998 1798 1124 1877 boves.

228 1901 299 1972 Ast
315 1923 439 1996 precor
455 1897 599 1971 Alcides
615 1897 726 1971 veluti
744 1900 961 1995 superaverit
976 1899 1094 1990 illurn,

280 1999 404 2071 Hosce
422 2023 535 2070 novos
552 1998 684 2097 poteris
700 2023 888 2095 exuperare
905 1998 1043 2074 Cacos:

229 2098 446 2196 Alcidesque
462 2096 572 2170 boves
588 2097 665 2171 illos
682 2097 780 2171 velut
797 2098 924 2172 extulit
940 2101 1059 2188 antris,

278 2199 334 2271 Sic
352 2198 454 2270 nobis
471 2212 624 2270 vestram
641 2196 734 2271 ferre
750 2197 865 2271 velitis
881 2224 998 2296 opem.

228 2300 260 2372 R
308 2323 393 2370 num
411 2294 502 2370 forte
520 2313 649 2394 potest,
667 2298 730 2370 sed
747 2299 918 2396 Princeps
934 2297 1075 2374 fortiter
1091 2303 1179 2379 illos

356 2398 434 2470 'bus
451 2398 626 2497 Angliacis
642 2423 832 2496 exuperare
847 2400 929 2472 suis.

227 2500 306 2572 Nos
322 2500 400 2597 opis
416 2514 575 2595 expertes
592 2501 714 2572 Musae
732 2497 902 2597 flavaeque
919 2517 1084 2589 monetae,

276 2598 450 2686 Imbelles,
468 2597 535 2670 illis
552 2599 602 2673 nil
621 2600 684 2671 nisi
702 2600 819 2696 praeda
836 2624 968 2672 sumus.

226 2701 300 2797 Qui
317 2715 427 2797 potes,
446 2723 531 2798 ergo
548 2700 633 2771 velis
650 2700 792 2772 miseras
809 2697 1000 2774 defendere
1019 2702 1165 2791 Musas,

276 2800 348 2873 Sub
365 2800 556 2896 patrocinio
573 2801 643 2872 sint
660 2815 892 2916 maneantque
910 2817 984 2873 tuo.

225 2901 255 2972 F
255 2902 336 2973 asne
355 2898 495 2972 nefasne
512 2901 589 2986 siet,
601 2900 674 3001 jus,
693 2901 780 2973 situe
798 2900 922 3001 injuria
933 2901 1039 3001 juris,

275 3001 359 3073 Non
378 3016 553 3097 reputant,
572 3001 681 3073 modo
698 3001 746 3072 sic
764 3001 970 3098 diripiantur
987 3026 1086 3098 opes.

224 3102 355 3191 Dicite,
373 3101 434 3172 sed
451 3099 597 3199 quales?
623 3100 764 3197 Sapiens
782 3101 830 3172 sic
848 3102 980 3174 dixerat
993 3101 1092 3190 olim,

274 3199 464 3287 Aurifluas,
483 3199 597 3273 nullas
614 3200 813 3298 lnsipientis
829 3226 924 3298 opes.

223 3303 290 3374 Ast
307 3302 441 3373 utinam
459 3326 558 3373 veras
584 3300 778 3398 sapientum
795 3326 949 3400 quaerere
966 3325 1070 3399 gazas

274 3402 316 3473 ln
333 3401 422 3474 coelo
440 3401 641 3497 inciperent,
659 3402 696 3474 δι
714 3401 779 3472 nisi
796 3426 878 3473 vera
894 3402 1006 3500 loqui,

223 3500 398 3573 Causidici
416 3497 503 3588 falsi,
520 3502 584 3599 qui
601 3501 695 3601 leges
712 3526 860 3574 munere
876 3516 1056 3601 torquent,

274 3601 443 3715 Falsaque
461 3626 525 3698 pro
542 3602 635 3674 veris
652 3600 872 3674 substituisse
887 3602 1013 3674 solent.

223 3702 316 3774 Haec
333 3701 397 3773 tibi
416 3701 559 3774 Stellato
575 3702 718 3774 venient
734 3701 881 3774 dicenda
898 3701 1059 3793 Cubiclo,

272 3801 347 3872 ch
364 3800 424 3872 ubi
441 3801 545 3874 Stella
562 3818 698 3900 potens,
716 3817 757 3875 tu
774 3801 958 3900 Cynosura
975 3803 1090 3876 micas.

223 3901 358 3975 Interea
376 3901 460 3974 verb
478 3904 672 3977 Musarum
691 3901 807 3975 nobile
825 3902 952 4000 Sydus,

271 4002 387 4076 Unica
405 4000 564 4075 Castaliis
581 4027 730 4101 spesque
748 4002 909 4101 salusque
927 4001 1010 4089 deis,

221 4103 376 4176 Noscere
394 4103 607 4200 supplicibus
624 4104 777 4201 petimus
794 4119 828 4175 te
845 4102 989 4176 vocibus
1006 4103 1082 4190 ista,

270 4203 319 4276 Et
335 4203 409 4274 sine
425 4203 504 4302 lege
522 4204 620 4277 malis
637 4228 768 4301 ponere
784 4227 888 4299 posse
905 4204 1067 4276 modum.

718 4323 779 4379 400
