3022 5040
410 327 648 404 GEORGE
685 325 960 403 CORYAT'S
995 325 1205 404 POEMS

272 513 341 586 Sed
359 537 422 584 nec
439 511 623 586 inutilibus
639 512 749 587 coluit
766 527 839 585 tam
856 512 988 612 grande
1005 510 1169 586 tribunal

225 612 427 711 Obsequiis,
445 613 582 711 ipsique
598 611 687 685 adeo
705 608 772 685 fuit
788 611 874 685 utile
891 627 989 685 tanto

226 712 449 786 Concessisse
467 713 574 800 Duci,
591 713 694 814 cujus
710 727 765 785 tot
784 712 905 785 martia
920 712 1027 812 gessit

225 813 410 911 Auspiciis,
427 814 539 885 varias
555 814 592 886 δι
609 810 713 886 fortia
729 811 818 885 bella
835 837 897 908 per
913 836 1001 884 oras.

277 913 388 1012 Capta
404 912 469 985 sub
487 914 636 986 Henrici
653 912 808 1008 primum
826 912 987 984 Bullonia
1003 913 1119 985 ductu

228 1013 395 1130 Vulgavit
412 1013 524 1086 rutilis
542 1013 713 1087 Herberti
730 1038 860 1085 nomen
878 1013 912 1084 in
930 1012 1053 1084 armis:

229 1116 337 1215 Regia
354 1139 428 1213 quo
444 1111 535 1186 fulvi
553 1138 652 1185 mens
669 1112 830 1186 inclinata
847 1112 977 1184 Leonis

228 1215 429 1311 Conspicuo
446 1214 596 1287 viridem
613 1213 793 1310 promovit
810 1214 944 1285 honore
960 1212 1187 1286 Draconem.

229 1315 395 1387 Protinus
411 1315 446 1386 δι
464 1313 597 1386 celsum
616 1313 717 1386 miles
731 1313 923 1387 conscende
939 1311 1131 1400 caballum,

229 1415 324 1489 Ense
340 1430 444 1511 caput
460 1410 597 1501 feriens,
615 1414 746 1486 auratis
764 1413 911 1514 (inquit)
930 1412 965 1484 in
981 1413 1099 1484 armis.

280 1515 358 1588 Nec
375 1515 494 1586 minus
510 1539 658 1586 uxorem
675 1513 829 1611 praeclari
845 1512 1039 1585 stemmatis
1054 1513 1215 1587 Annam

231 1615 442 1713 Despondet
460 1615 594 1714 Regina
611 1630 708 1687 tuam
726 1613 911 1687 Catharina
929 1637 1099 1700 sororem,

232 1717 301 1789 Par
317 1716 392 1801 tibi,
411 1741 473 1812 par
489 1714 538 1787 illi
554 1715 677 1801 virtus,
696 1715 766 1786 Par
782 1714 934 1814 denique
952 1736 1095 1785 nomen.

231 1815 322 1888 Tres
338 1815 419 1888 tulit
436 1840 479 1887 ex
495 1815 560 1887 ista
576 1815 704 1886 virides
721 1813 942 1913 celebresque
959 1812 1149 1886 Dracones

233 1917 353 2013 (Quot
370 1915 445 1988 Leo
463 1914 602 2014 Regalis
620 1940 767 2014 magnos
784 1913 965 2012 clarosque
982 1913 1143 2010 Leones)

233 2016 432 2089 Henricum
449 2017 628 2102 comitem,
647 2014 944 2111 Eduardumque,
962 2013 1188 2114 Annamque
1207 2014 1352 2091 tenellau

232 2117 357 2210 Junxit
372 2117 409 2189 δι
427 2116 492 2187 hos
508 2115 632 2189 vivens
648 2114 748 2187 taedis
767 2114 959 2187 illustribus
974 2137 1110 2185 omnes.

233 2216 283 2290 Et
302 2241 393 2288 nunc
411 2240 494 2287 cum
512 2215 623 2288 charis
640 2214 768 2287 vivunt
784 2210 1004 2287 confortibus
1020 2237 1164 2302 ornnes,

234 2319 354 2414 Atque
371 2316 433 2389 diu
452 2315 584 2388 multos
601 2330 768 2414 peragant
785 2312 945 2387 foeliciter
961 2337 1082 2386 annos.

234 2417 314 2510 Jam
331 2415 408 2488 Leo
424 2415 637 2515 grandaevus
653 2414 777 2488 vitales
794 2414 921 2486 deserit
937 2437 1048 2501 auras,

236 2516 286 2590 Et
302 2517 446 2588 charum
465 2515 588 2588 catulis
604 2515 832 2588 commendat
848 2539 935 2587 voce
952 2514 1173 2589 Draconem.

235 2617 322 2690 lndc
339 2613 408 2688 fuit
425 2615 577 2714 Regum,
597 2615 885 2715 Reginarumque
901 2639 963 2711 per
980 2639 1091 2686 annos

236 2715 373 2789 Delitiae
391 2714 535 2802 multos,
553 2715 667 2788 multo
684 2715 870 2815 insignitus
887 2716 1033 2787 honore.

236 2818 375 2890 Octavo
393 2816 566 2906 Henrico,
585 2816 766 2901 Eduardo,
787 2815 925 2901 Mariae,
943 2812 1178 2903 Elizabethae,

237 2917 287 2989 Et
304 2916 446 3013 patri&
465 2918 554 2988 natis
570 2916 792 2988 charissimus
808 2916 973 2988 omnibus
990 2939 1092 2986 unus.

287 3017 383 3088 Nam
400 3015 507 3088 simul
524 3016 714 3088 Eduardus
731 3031 830 3087 tener
848 3015 904 3087 ille
920 3014 1124 3087 Leunculus
1143 3015 1280 3114 Anglis

238 3117 375 3202 Prodit,
393 3116 437 3188 ad
454 3132 612 3213 acceptos
626 3115 758 3214 aliquid
776 3115 895 3188 Draco
911 3116 1025 3215 majus
1041 3115 1200 3188 honores

238 3217 351 3290 Addit
368 3216 495 3302 adhuc,
513 3215 699 3314 multoque
717 3216 827 3314 magis
843 3214 1042 3312 prorumpit
1057 3215 1094 3286 in
1111 3213 1242 3288 altum.

240 3319 382 3390 Rursus
399 3313 511 3388 factus
528 3315 647 3416 Eques
665 3339 884 3414 magnusque
901 3315 1074 3413 Magister
1090 3340 1283 3412 equorum.

289 3416 390 3513 Quid
408 3415 556 3489 referam
574 3417 696 3512 positis
713 3430 767 3488 tot
784 3414 900 3511 praelia
916 3430 1013 3513 gesta
1030 3415 1229 3511 trophaeis?

240 3516 315 3590 Tot
332 3516 465 3614 spolia?
483 3517 520 3589 δι
539 3516 665 3588 ductos
680 3513 773 3588 civili
790 3541 833 3588 ex
851 3516 952 3586 hoste
968 3515 1199 3611 triumphos?

244 3618 298 3689 Ut
315 3617 410 3717 vigili
428 3617 593 3689 occiduos
610 3615 783 3687 sedaverit
799 3631 872 3687 arte
890 3613 1091 3687 tumultus?

244 3717 529 3815 Horrendosque
545 3740 612 3788 suo
630 3716 800 3812 superdrit
818 3716 939 3787 Marte
956 3712 1099 3786 rebelles
1116 3712 1129 3785 ἓ

247 3817 421 3916 Magnum
439 3841 541 3913 opus,
559 3817 596 3889 δι
614 3815 729 3888 multo
746 3816 926 3915 quaesitam
944 3815 1112 3913 sanguine
1129 3812 1285 3890 laurum.

247 3917 320 3988 Hic
337 3941 410 3988 sese
427 3919 463 3988 in
481 3916 610 4015 Gyros,
628 3917 665 3989 δι
684 3915 794 3988 multa
810 3914 991 3987 volumina
1007 3930 1194 4013 torquens,

247 4015 422 4089 Terrificis
438 4016 524 4089 altas
541 4017 702 4115 quatiens
719 4016 938 4115 clangoribus
954 4013 1035 4100 alas,

247 4116 383 4189 Claruit
399 4134 478 4191 ante
495 4116 581 4189 alios
598 4118 709 4189 virtus
723 4141 892 4216 generosa
909 4115 1092 4187 Draconis.

250 4217 348 4290 Hinc
366 4218 456 4291 Baro
474 4217 647 4290 Cardifios
664 4216 771 4316 regali
789 4240 936 4376 mgqnere
952 4213 1072 4301 fasces,

797 4335 815 4394 3
