3022 5040
317 325 556 402 GEORGE
591 325 867 402 CORYAT'S
903 324 1095 402 POEMS

504 529 525 601 7
553 506 760 606 Comprime
778 507 912 580 flatum.

130 611 180 683 Et
197 609 313 699 flatus,
330 624 532 708 ventusque
549 623 690 698 nocent,
706 623 748 680 tu
765 608 957 706 comprime
976 606 1112 695 flatum,

230 709 386 782 Naribus
403 725 444 781 ut
461 707 586 806 pulsus
603 733 676 781 non
695 704 783 781 ferat
800 707 882 780 inde
899 724 1015 807 caput.

453 830 471 898 8
502 824 595 898 Haec
610 823 700 897 bene
717 840 758 898 tu
776 849 876 896 serva
894 825 961 897 &c

131 928 224 999 Haec
242 924 332 998 bene
350 926 378 998 si
397 950 526 1015 serves,
544 950 607 998 nec
624 925 737 1022 possis
754 923 881 1023 pellere
898 926 1055 1009 rheuma,

181 1025 339 1100 Consule
355 1043 441 1099 tunc
460 1025 639 1116 Medicos,
657 1049 808 1124 namque
824 1024 996 1097 Scholaris
1013 1049 1092 1123 ego.

132 1261 197 1340 Ad
217 1260 391 1339 eundem
410 1260 630 1367 gratiarum
650 1259 756 1338 actio
776 1285 850 1365 pro
870 1285 923 1360 40
951 1259 1084 1339 solidis
1112 1258 1133 1338 ἐι
1160 1287 1199 1339 se
1223 1262 1285 1339 illi

584 1369 692 1450 dono
712 1370 878 1450 donatis.

268 1533 409 1605 Uatuor
426 1557 469 1605 ex
485 1547 600 1604 vestra
617 1546 794 1604 venerunt
810 1557 914 1603 aurea
931 1532 1063 1618 dextra,

317 1633 367 1705 Et
384 1633 465 1706 data
482 1647 522 1704 tu
539 1631 668 1704 nostris
684 1631 842 1704 versibus
858 1646 938 1729 apta
955 1628 1074 1704 refers.

182 1735 338 1805 Munera
353 1732 566 1805 carminibus
582 1746 642 1804 tua
657 1747 743 1803 sunt
757 1732 888 1832 majora
905 1731 1051 1818 tenellis,

230 1836 300 1906 Ast
317 1835 450 1906 utinam
468 1832 558 1906 verti
575 1856 697 1904 versus
714 1832 751 1904 in
768 1831 825 1904 illa
842 1848 960 1931 queat.

179 1934 276 2006 Tum
294 1934 358 2006 tibi
375 1932 590 2006 carminibus
606 1956 745 2028 possem
761 1949 944 2030 pergratus
962 1931 1091 2017 haberi,

230 2035 394 2130 Quatuor
410 2049 516 2132 atque
532 2031 653 2104 darem
670 2048 793 2131 terque
808 2047 1006 2130 quaterque
1023 2031 1096 2104 tibi.

180 2134 343 2207 Pondere
360 2134 421 2206 sed
439 2147 634 2232 nequeunt,
653 2158 805 2205 numero
823 2132 885 2205 sed
903 2156 1049 2203 munera
1065 2148 1182 2206 vestra

230 2235 277 2305 AE
304 2235 460 2332 uiparare
477 2249 624 2332 queunt,
642 2257 776 2332 parque
792 2229 919 2304 referre
937 2233 1021 2329 pari.

179 2335 248 2406 Ast
265 2260 330 2406 tibi
348 2333 575 2431 ponderibus,
595 2357 657 2405 nec
675 2357 822 2406 munera
839 2332 996 2405 versibus
1013 2357 1122 2430 equa,

228 2435 384 2529 Quando
401 2430 530 2506 referre
548 2433 633 2505 mihi
651 2457 721 2504 non
741 2434 845 2506 datur
861 2432 932 2505 ulla
948 2432 1023 2504 tibi.

180 2534 297 2606 Aurea
314 2559 377 2606 nec
394 2534 526 2631 possim
544 2533 607 2606 tibi
626 2533 777 2606 carmina
793 2529 881 2604 ferre
899 2531 1017 2620 Cecili,

230 2634 371 2706 Aurum
389 2659 452 2706 nec
470 2657 581 2720 cures,
600 2634 744 2732 quando
760 2648 865 2729 poeta
881 2628 997 2705 refert.

180 2734 297 2805 Aurea
315 2749 410 2806 tanta
428 2734 489 2806 tibi
506 2733 605 2833 quod
624 2733 693 2805 sint
710 2748 800 2832 quot
817 2733 968 2804 carmina
984 2732 1078 2817 Vati,

229 2834 349 2932 Atque
366 2850 428 2906 tua
446 2835 519 2906 baec
535 2833 624 2906 dixit
636 2830 658 2873 ¹¹
674 2832 892 2930 Desipientis
909 2857 1005 2929 opes.

179 2935 297 3007 Aurea
314 2932 409 3006 nulla
426 2934 499 3021 tibi,
517 2934 580 3007 sed
597 2933 748 3020 tantum,
768 2932 931 3004 Carmina
948 2931 1104 3005 reddam

230 3034 335 3106 AErea
352 3058 434 3105 narn
452 3058 529 3105 mea
546 3048 640 3119 sunt,
657 3057 760 3105 aurea
776 3031 873 3105 nulla
890 3032 986 3103 mihi.

179 3135 282 3206 Auro
300 3133 442 3233 quando
459 3149 524 3205 tuo
542 3158 620 3204 mea
637 3133 789 3206 carmina
807 3130 902 3204 nulla
919 3128 1047 3204 referre

230 3234 350 3333 AEqua
367 3249 509 3333 queant,
527 3257 690 3305 summus
707 3232 831 3306 reddat
850 3232 885 3305 id
904 3233 979 3330 ipse
996 3233 1107 3304 Deus.

129 3465 320 3572 Ejusdem
348 3467 395 3545 ad
420 3465 593 3545 eundem
621 3467 780 3574 querela
807 3492 881 3572 pro
909 3465 1109 3570 Principe,
1139 3464 1284 3558 Patria,

213 3582 253 3659 δι
277 3579 422 3672 Musis,
444 3580 484 3658 in
508 3576 882 3658 Pseudocausidicos
906 3604 945 3656 se
975 3574 1119 3683 injuste
1149 3577 1285 3684 oppri-

213 3711 376 3770 mentes.

235 3853 396 3926 lcilidum
415 3851 611 3926 immortale
629 3854 737 3927 decus
755 3850 883 3924 Cecille
899 3851 1079 3940 Sororum,

283 3954 464 4050 Principis,
481 3952 661 4026 &Patriae
678 3977 816 4025 summa
832 3951 998 4025 columna
1015 3968 1084 4024 tuae
1101 3978 1108 4024 :

168 4146 185 4176 *
208 4144 253 4201 Sic
274 4143 348 4202 dixit
370 4145 551 4204 illustrissima
572 4160 620 4206 tua
641 4143 763 4207 uxorin
787 4143 957 4203 carminibus
983 4143 1037 4202 suis
1064 4140 1101 4202 ad
1128 4141 1285 4218 Georgium

129 4223 333 4285 Buchananum
356 4226 457 4285 Scotiae
479 4240 600 4303 poetam

683 4325 741 4384 ³99
