3022 5040
493 327 770 406 CORYAT’S
812 327 1125 405 CRUDITIFS

284 509 1119 711 mm...u⁸
1140 510 1302 583 ΕΜ

285 726 472 811 utramque
494 709 612 784 Rheni
635 711 748 810 ripam
758 666 1067 826 'Agrippinensem
1088 708 1231 826 quippe
1255 709 1379 784 Franci·

284 810 549 912 Conjungendo
563 811 729 885 muniens
741 811 792 885 im
841 810 1215 913 sitoquasrflumrnrrn
1230 811 1380 910 [eamque

284 910 402 984 hostes
418 910 510 1012 jugo
527 911 762 986 construxerit
805 967 814 984 .
833 912 875 985 Ρ.
895 912 945 995 Q.
963 909 1259 1012 Agrippinensis.

234 1126 276 1199 In
293 1127 441 1202 another
458 1123 553 1201 front
571 1127 646 1202 that
663 1127 809 1202 looketh
827 1127 998 1203 towardes
1014 1127 1075 1200 the
1091 1125 1184 1202 East
1203 1127 1310 1202 these
1326 1146 1380 1202 two

233 1225 396 1301 histories
415 1253 473 1301 are
492 1227 644 1302 written.

43 1432 183 1514 [aaa]
709 1428 803 1502 First
824 1427 905 1502 this.

41 1597 206 1739 inim
231 1677 343 1774 Qiod
368 1679 548 1754 Ubiorum
569 1577 964 1778 Pnncipeiugnactbhi,
986 1677 1249 1792 civitatemque
1269 1703 1380 1753 eorum

33 1758 117 1834 Μ
231 1779 535 1853 Transrhenanam
549 1777 717 1878 Amplam
731 1795 838 1881 atque
852 1779 1037 1853 florentem
1051 1777 1207 1852 finitima
1213 1780 1380 1853 Sueonrm

229 1896 338 1979 gente
358 1877 464 1979 longb
485 1880 637 1952 maxima
657 1879 989 1980 Germanorumque
1009 1877 1176 1951 omnium
1197 1878 1380 1954 bellicosis

231 1979 319 2052 sima
351 1979 491 2079 injuriis
524 1978 617 2052 belbi
650 1997 686 2053 et
718 1979 904 2053 obsidione
935 2002 1089 2078 pressam
1122 1978 1161 2051 in
1195 1979 1379 2054 amicitiam

230 2078 408 2178 fidemque
435 2080 468 2152 S.
497 2078 538 2152 P.
567 2079 616 2162 Q.
644 2079 690 2152 R.
717 2079 897 2178 receperit,
923 2095 960 2152 et
985 2078 1141 2152 exercitu
1168 2078 1379 2177 Romanop

229 2179 429 2352 peminatos
455 2195 582 2277 pontes
610 2177 782 2255 Sublieioa
808 2181 829 2253 h
856 2205 892 2252 se
919 2203 1088 2280 perquam
1115 2176 1282 2254 celeriter
1308 2205 1378 2255 con·

243 2296 351 2369 octos,
371 2304 416 2353 ex
436 2279 596 2353 Treviris
616 2297 710 2353 trans
730 2279 900 2354 Rhenum
920 2280 958 2354 in
979 2278 1097 2354 Ubios
1117 2278 1188 2352 Cn.
1210 2279 1378 2382 Pompeio

229 2395 264 2452 et
284 2381 341 2452 M.
361 2379 487 2453 Crasso
506 2380 588 2453 Cos.
609 2380 787 2454 traductos
804 2377 971 2470 liberarit,
990 2380 1139 2453 Senatus
1157 2379 1378 2483 populusque

229 2477 423 2569 Ubiorum,

702 2680 801 2756 Next
822 2681 903 2754 this.

439 2831 481 2903 C.
502 2829 643 2903 Octavii
663 2830 752 2903 Cres.
773 2831 864 2928 Imp.
885 2830 926 2903 Ρ.
947 2829 988 2902 Ρ.
1009 2830 1168 2929 Augusti

619 2932 774 3003 AEternae
797 2930 986 3004 memoriae.

228 3028 287 3102 Ob
310 3029 501 3128 Principes,
526 3031 704 3121 Senatum,
728 3028 973 3205 populuanque
996 3030 1181 3104 Ubiorum
1202 3031 1286 3131 ejus
1308 3057 1375 3106 aus

289 3128 389 3228 piciis
405 3154 449 3202 ex
465 3145 584 3203 vetere
601 3131 848 3204 transrhenani
926 3156 946 3204 e
962 3129 999 3202 in
1016 3130 1104 3202 hanc
1119 3129 1324 3207 citeriorem

376 3229 494 3303 Rheni
518 3231 631 3328 ripam
654 3255 716 3329 per
740 3231 798 3303 Μ.
823 3230 1021 3331 Agrippam
1044 3255 1233 3330 generum,

530 3328 615 3405 orbe
646 3330 735 3403 terri
765 3330 851 3403 mari
877 3355 923 3404 ue
953 3347 1074 3429 pacato

620 3428 783 3504 foeliciter
885 3447 986 3504 uctos

603 3533 750 3604 Senatus
770 3529 1001 3632 Populusque

705 3631 898 3705 Ubiorum.

227 3851 269 3923 In
301 3849 360 3922 the
390 3866 558 3922 westerne
590 3844 684 3922 front
716 3849 812 3923 these
843 3865 914 3922 two
944 3848 1107 3924 histories
1136 3875 1197 3923 are
1228 3854 1373 3929 written.

702 4064 795 4138 First
817 4065 896 4139 this.

408 4218 497 4315 Imp.
516 4215 643 4290 Caesari
661 4216 701 4287 F.
719 4216 762 4289 L.
780 4214 957 4309 Justinian
974 4217 1016 4290 P.
1034 4217 1074 4289 F.
1092 4217 1192 4319 Aug.

772 4337 830 4411 ³4⁶
