3022 5040
600 313 875 391 CORYAT'S
911 311 1227 390 CRUDITIES

130 496 311 575 Wlfm
338 493 447 570 facere
471 497 573 595 potui
598 512 633 570 te
657 496 871 570 incolumem
895 497 932 568 in
956 495 1105 594 patriam
1128 493 1295 582 rediisse3
1331 491 1491 594 gratulor

129 577 239 637 '‘lm‘'
337 597 457 696 itaque
479 597 543 670 tibi
565 597 721 671 reditum
742 596 844 670 illum
866 621 1074 695 prosperum
1095 595 1133 668 in
1154 595 1303 693 patriam
1325 609 1435 683 tuam,
1458 594 1492 666 ἃ

130 656 262 718 mm
337 696 394 794 (ut
413 696 541 796 debeo)
561 697 789 770 vehementer
807 697 959 812 gaudeo,
980 713 1061 795 post
1080 694 1314 795 longinquam
1334 709 1433 767 tuam
1453 693 1490 765 in

336 796 543 895 regionibus
599 798 837 870 transmarims
891 795 1222 896 peregrinationem.
1286 793 1490 867 Plurimum

336 896 399 967 tibi
423 895 552 968 arridet
579 912 698 968 nostra
707 894 901 994 {Helvetia
919 896 956 968 δι
973 891 1214 994 φιλανθρωπία,
1233 895 1306 992 qua
1321 917 1410 992 gens
1427 893 1491 964 ista

337 997 482 1094 praedita
497 1013 562 1085 est,
580 996 752 1096 insignis3
780 997 901 1069 contra
916 1021 985 1095 ego
1000 993 1170 1096 Angliam
1187 995 1224 1066 in
1241 1009 1382 1092 pectore
1396 1018 1490 1082 amo,

336 1099 417 1170 cbm
443 1096 489 1170 ob
516 1095 725 1196 religionem
751 1096 931 1185 sinceram,
959 1113 1038 1169 tum
1063 1112 1206 1194 propter
1231 1095 1408 1168 Doctores
1434 1093 1490 1192 (ut

335 1196 458 1296 audio)
477 1193 549 1269 fato
566 1195 722 1295 quddam
741 1213 841 1268 natos
858 1196 903 1270 ad
919 1195 1072 1294 optimas
1088 1212 1191 1285 artes,
1208 1193 1491 1268 &erudiendam

335 1295 462 1370 rudem
486 1313 642 1369 nostram
666 1313 816 1369 aetatcm.
870 1296 994 1395 Itaque
1019 1296 1047 1367 si
1072 1295 1175 1368 Deus
1198 1295 1312 1368 vitam
1335 1310 1372 1367 et
1395 1293 1490 1367 vires

335 1393 480 1495 aliquas,
498 1396 637 1567 vitelgue
655 1396 876 1468 securitatem
893 1396 930 1467 in
948 1395 1010 1468 haic
1027 1410 1146 1468 aestate
1161 1393 1336 1484 annuerit,
1355 1393 1492 1467 studio-

335 1521 416 1568 rum
433 1521 535 1569 causa
597 1493 834 1596 eidelbergam
850 1494 909 1568 vel
926 1490 1162 1568 Steinfurtum
1178 1492 1384 1592 proficiscar,
1401 1508 1437 1566 et
1455 1492 1492 1565 iu

335 1595 453 1669 reditu
482 1597 519 1666 iu
544 1596 715 1768 Katriam,¹
737 1621 794 1669 me
823 1611 939 1667 vestra
967 1595 1074 1668 etiam
1102 1592 1235 1693 Anglia
1263 1619 1326 1693 per
1353 1590 1490 1692 aliquot

569 1721 589 1767 e

337 1720 474 1768 menses
500 1694 544 1766 ha
589 1695 642 1769 bit
669 1696 767 1794 quod
794 1712 866 1768 tam
893 1694 983 1767 bene
1009 1695 1112 1768 Deus
1139 1693 1258 1794 (aveo)
1285 1694 1393 1793 quam
1420 1717 1490 1793 ego

335 1794 450 1868 avide.
502 1793 610 1867 Plura
633 1795 810 1884 adderem,
836 1793 896 1868 sed
921 1794 1091 1893 quoniam
1114 1793 1265 1867 inclusas
1288 1795 1350 1866 has
1373 1791 1490 1866 volvit

337 1893 410 1967 suis
450 1893 560 1967 literis
601 1893 741 1967 Clarias.
795 1892 926 1967 Scholae
968 1911 1095 1966 nostrae
1137 1895 1268 1967 Rector
1310 1894 1492 1966 Dominus

336 1996 516 2086 Waserus,
543 1991 726 2067 fascictdus
750 2020 795 2067 ne
820 2020 924 2093 supra
949 1995 1098 2068 modum
1122 2008 1299 2083 cresceret,
1325 1992 1382 2065 hlc
1405 1991 1490 2066 sub

336 2094 434 2185 sisto,
455 2092 555 2190 plura
575 2095 721 2192 quidem
741 2093 870 2168 addere
888 2094 994 2194 jussit
1014 2119 1124 2183 amor,
1145 2094 1207 2193 qui
1229 2118 1381 2193 magnus
1401 2092 1490 2164 mihi

335 2192 371 2263 in
392 2208 428 2264 tc
447 2193 483 2264 &
505 2209 653 2265 sanctus.
706 2193 818 2265 Valde
839 2193 883 2264 de
902 2193 1018 2265 valere
1038 2194 1155 2290 cupio,
1178 2193 1331 2290 (optime
1351 2191 1421 2288 vir)
1442 2188 1491 2260 καὶ

335 2296 498 2390 φιλοῦντα
511 2290 582 2362 ἀντι
595 2298 712 2393 φιλεῖν.
748 2293 783 2364 Si
796 2293 1009 2391 respondere
1021 2293 1119 2379 velis,
1133 2292 1178 2366 ad
1192 2291 1367 2366 nundinae
1381 2290 1493 2363 Fran-

335 2390 552 2466 cofurtenscs
575 2392 797 2467 autumnales
820 2393 1001 2493 Tigurum
1025 2394 1128 2467 mitte
1151 2392 1269 2467 literas
1290 2392 1336 2466 ad
1360 2393 1490 2466 Domi·

336 2519 424 2566 num
437 2496 638 2583 Waserum,
652 2495 713 2593 qui
729 2493 816 2565 mihi
830 2494 875 2592 (si
889 2493 1018 2593 Tiguri
1032 2492 1147 2567 adhuc
1159 2492 1340 2664 immoregy
1354 2491 1490 2582 reddet,

336 2593 391 2666 siu
415 2594 545 2682 miubs,
569 2594 695 2667 adme
719 2594 943 2667 transmittet.
997 2594 1132 2667 Iterum
1155 2591 1245 2666 vale.
1300 2657 1301 2660 ,
1333 2592 1429 2693 iguri
1454 2593 1490 2665 in

336 2691 447 2791 patriai
468 2698 500 2767 8.
522 2691 597 2766 Cal.
617 2692 729 2791 April.
782 2693 890 2765 Anno
910 2692 1028 2765 ultimi
1049 2692 1217 2790 temporis
1241 2693 1346 2766 1610.

751 2793 825 2866 Tui
846 2793 1134 2867 Studiosissimus
1154 2793 1300 2865 Marcus
1320 2790 1490 2865 Buelerus

763 2892 962 2992 Tigurinus
984 2893 1042 2965 SS.
1066 2891 1273 2992 Theologiae
1296 2891 1489 2980 studiosus,

893 2990 1072 3089 ‘drhtrpwirr
1087 2989 1138 3060 rol
1156 2990 1368 3088 ἀνυπόκριτος
1385 2989 1491 3089 φὶλος.

341 3193 468 3362 BUt
492 3218 572 3266 now
595 3210 630 3265 at
653 3191 777 3292 length
801 3194 817 3264 1
841 3192 913 3265 will
935 3209 1078 3266 returne
1102 3212 1139 3265 to
1163 3219 1224 3290 my
1245 3192 1491 3266 observatione

424 3293 559 3392 againe.
613 3293 629 3363 1
660 3292 828 3391 departed
857 3289 950 3365 from
979 3292 1111 3365 Zurich
1141 3317 1239 3390 upon
1269 3318 1288 3364 a
1319 3293 1490 3389 Saturday

337 3393 446 3492 being
468 3392 528 3464 the
550 3418 656 3465 seven
679 3393 749 3466 and
771 3393 955 3467 twentieth
977 3389 1020 3465 of
1041 3393 1199 3492 August,
1221 3391 1331 3465 about
1354 3408 1427 3466 two
1449 3389 1490 3465 of

338 3492 397 3567 the
417 3490 537 3565 clocke
558 3493 595 3564 in
617 3492 677 3566 the
697 3489 903 3565 aftcruoone
924 3492 1048 3591 (being
1068 3491 1266 3566 conducted
1287 3491 1397 3565 about
1421 3508 1489 3566 two

337 3591 438 3664 miles
467 3592 504 3663 iu
533 3617 593 3688 my
621 3617 697 3688 way
725 3591 772 3688 by
801 3617 861 3688 my
889 3588 1022 3665 friends
1052 3593 1127 3664 Mr.
1157 3591 1393 3665 Thomannus
1421 3591 1487 3664 and

339 3693 485 3765 Marcus
504 3691 685 3781 Buelerus,
704 3692 785 3765 who
804 3709 839 3765 at
858 3717 924 3764 our
943 3691 1024 3764 final
1042 3691 1229 3791 departing
1248 3691 1417 3765 bedewed
1437 3692 1490 3764 his

337 3792 485 3864 cheekes
510 3791 597 3865 with
625 3792 748 3889 teares)
776 3791 845 3866 and
872 3817 968 3866 came
995 3809 1033 3865 to
1059 3817 1079 3863 a
1105 3790 1200 3888 place
1228 3791 1311 3865 nine
1336 3791 1488 3891 English

136 3905 296 3965 Marisalla.
338 3888 438 3964 miles
464 3891 604 3988 beyond
630 3892 658 3965 it
683 3890 792 3966 called
818 3891 1027 3983 Maristella,
1052 3892 1166 3965 which
1192 3891 1222 3965 is
1246 3891 1332 3966 hard
1357 3891 1405 3989 by
1432 3891 1489 3965 the

336 3990 430 4064 river
451 3992 627 4080 Limacus,
649 3990 759 4064 about
780 3991 879 4090 eight
899 3987 942 4063 of
963 3991 1022 4064 the
1042 3990 1161 4064 clocke
1183 3993 1219 4063 in
1241 3991 1301 4064 the
1322 3992 1487 4090 evening.

339 4090 355 4161 I
378 4090 506 4262 yassed
534 4090 593 4163 the
620 4091 713 4164 river
740 4092 778 4163 in
804 4117 824 4163 a
850 4090 966 4180 boate,
993 4091 1062 4164 and
1089 4089 1145 4187 lay
1173 4091 1247 4164 that
1275 4091 1379 4190 night
1406 4092 1445 4163 in
1470 4116 1489 4162 a

394 4191 480 4288 'tary
510 4191 621 4264 house
650 4190 698 4289 by
728 4191 787 4264 the
815 4190 909 4264 river
939 4190 1023 4265 side.
1078 4192 1229 4265 Betwixt
1258 4191 1392 4265 Zurich
1421 4190 1488 4264 and

886 4311 941 4385 136

338 4216 378 4263 80
