3022 5040
401 320 639 398 GEORGE
674 321 949 398 CORYAT’S
984 321 1177 398 POEMS

260 503 486 601 Principis&
503 527 632 601 corpus
649 504 696 576 sic
713 499 933 590 defendebat,
950 519 991 576 ut
1006 505 1113 577 armis

312 605 398 676 Hoc
415 605 498 677 vivo
516 619 570 676 est
587 628 692 676 ausus
709 604 854 699 perdere
872 628 979 677 nemo
997 606 1082 677 suis.

259 704 346 779 Post
364 703 480 776 miseri
498 728 634 776 sacrum
651 719 849 777 statuerunt
866 704 1010 801 perdere
1025 730 1163 803 corpus,

308 805 425 877 Vertit
442 805 478 876 in
495 806 660 877 authores
677 804 740 876 sed
756 805 855 876 Deus
871 830 966 876 arma
981 830 1076 877 suos.

111 996 115 1003 Ι
259 904 436 978 Vertat&
452 929 566 1002 usque
583 929 719 1002 precor,
737 904 911 1004 Reginam
929 920 1090 1003 protegat
1105 930 1219 1005 usque

309 1004 456 1078 Talibus
472 1005 680 1103 Armigeris,
698 1003 943 1104 coelitibusque
960 1006 1044 1078 suis.

260 1106 428 1203 Armiger
443 1103 614 1177 excellens
629 1104 784 1198 Joannes
801 1105 945 1177 nomine
961 1105 1133 1204 Vaughan

309 1204 358 1278 Et
375 1207 463 1303 pius,
481 1221 517 1278 et
534 1206 702 1302 prudens,
715 1206 753 1277 &
769 1206 990 1278 venerandus
1006 1206 1126 1278 homo.

259 1306 357 1405 Ergo
375 1306 395 1379 a
411 1305 565 1378 consiliis
583 1305 682 1403 regni
700 1305 903 1377 Borealibus
921 1305 1037 1405 hujus,

309 1406 443 1504 Inclyta
460 1405 611 1478 consiliis
629 1405 789 1502 praestitit
805 1421 879 1477 acta
896 1406 979 1477 suis.

259 1506 311 1579 Er
335 1533 358 1579 o
376 1506 438 1578 tibi
455 1507 577 1578 charus
594 1506 750 1577 Domina
766 1507 789 1577 ὀ
806 1505 993 1578 clarissima
1010 1506 1163 1592 Knevet‚

310 1533 478 1707 {onjugii
490 1606 627 1706 junxsti
643 1631 752 1705 quern
770 1605 834 1678 tibi
846 1606 929 1706 jure
945 1606 1086 1678 virumz

258 1707 351 1779 Tam
369 1707 460 1780 bene
477 1707 539 1805 qui
557 1707 645 1778 vixit
663 1707 787 1778 mortis
805 1705 894 1777 bene
912 1706 1002 1776 finiit
1019 1707 1152 1792 horam,

310 1807 385 1879 Hic
402 1808 508 1880 etiam
526 1807 670 1880 adversa
687 1822 785 1904 parte
802 1805 962 1902 sepultus
979 1806 1086 1878 adest.

260 1908 337 1979 Hic
355 1906 531 1979 Gulielme
542 1907 637 2006 jaces
656 1906 840 1979 Rowlandi
857 1905 1008 1977 maxima
1025 1906 1153 2003 proles,

310 2008 396 2104 Spes
412 2008 543 2103 patriae,
562 2031 600 2077 ac
618 2008 745 2103 patrui,
763 2030 841 2103 spes
858 2031 1004 2106 quoque
1021 2007 1124 2103 primi
1141 2005 1273 2080 Patris.

258 2109 379 2204 Quem
395 2107 464 2183 cito
481 2124 694 2203 praereptum
713 2106 874 2204 praedam
889 2107 1048 2205 insignia,
1066 2109 1181 2180 virtus

310 2207 455 2378 Inepta,
474 2232 574 2278 mens
591 2204 701 2292 foelix,
718 2207 833 2280 caelica
850 2207 921 2279 vita
936 2206 1053 2279 beant.

259 2308 309 2381 Et
327 2308 355 2379 si
387 2332 488 2379 orma
503 2307 600 2380 viros
616 2307 843 2379 commendet
859 2323 900 2379 ut
917 2331 1021 2378 aurea
1037 2308 1163 2393 virtus,

310 2408 412 2480 Huic
430 2407 551 2479 Phaebi
570 2404 685 2493 facies,
703 2432 831 2504 corpus
847 2407 969 2478 Alexis
985 2423 1070 2489 erat.

260 2506 517 2605 Nobilibusque
534 2507 620 2580 viris
638 2507 666 2579 si
683 2507 760 2580 laus
777 2507 957 2604 placuisse,
977 2506 1107 2579 Cecillo

309 2607 377 2680 Est
393 2624 453 2680 tua
470 2607 546 2680 laus
564 2608 726 2680 Domino
744 2607 975 2705 perplacuisse
993 2624 1067 2679 tuo.

259 2712 310 2780 At
329 2707 522 2780 Rowlande
540 2708 656 2797 Pater,
673 2706 828 2800 Joannes
846 2707 975 2778 Patrue
992 2705 1165 2806 Vaughan

309 2808 428 2905 (Quos
444 2808 542 2905 prilrs
560 2808 613 2879 hic
632 2807 760 2879 tumuli
777 2808 1023 2879 condecoravit
1040 2808 1171 2903 honos)

259 2907 367 2980 Nunc
384 2908 489 2979 charo
501 2908 614 3007 juncti
631 2923 726 2993 nato,
744 2907 905 3006 claroque
924 2908 1043 3005 nepoti

310 3008 352 3079 ln
370 3032 494 3104 supera
510 3007 631 3079 aeterni
648 3008 766 3079 vivitis
782 3009 857 3080 lrce
875 3007 957 3079 Dei.

1200 3124 1247 3196 G.
1272 3126 1320 3200 C.
