3022 5040
482 333 759 410 CORYAT’S
794 333 1108 410 cRUDITms

270 516 403 616 Surgit,
426 517 460 591 δι
480 515 658 590 excelsum
679 535 785 615 caput
807 517 900 590 inter
920 517 1043 590 nubila
1063 517 1196 591 condit

55 615 64 626 ’
133 697 141 710 ⁰
176 637 190 674 ¹
268 616 363 689 Tota
386 617 655 706 toreumatibus,
704 618 853 718 ictisque
875 617 990 690 excisa
1011 616 1198 707 columnis,

128 715 158 754 ¹¹¹
266 715 363 790 Tota
382 734 506 815 patens
524 715 606 807 luci,
625 718 659 792 δι
677 643 748 790 ini
768 717 957 816 perflabilis
975 719 1071 807 auri,

164 901 173 916 .
266 815 318 889 Et
333 841 424 889 cono
441 817 591 917 insignis
606 816 727 918 galee,
744 819 779 891 δι
795 817 974 891 testudine
989 817 1121 891 circum

266 912 501 1015 Quadruplici
525 935 634 1015 septa,
657 919 692 991 ἃ
714 915 815 990 nullo
838 916 1015 990 violabilis
1037 919 1122 990 ictu

266 1017 387 1089 Prima
408 1015 484 1089 solo
505 1019 626 1115 posuit
648 1017 829 1117 quondam
851 1013 1059 1091 hrndamina
1078 1017 1171 1092 duro

266 1116 486 1190 Steinbachii
509 1134 614 1190 natus
636 1117 682 1190 de
704 1135 813 1217 gente
836 1117 1008 1206 Ervinus,
1031 1118 1066 1190 δι
1086 1143 1195 1190 omne

265 1216 326 1291 Ad
343 1216 481 1318 galeam
499 1217 604 1292 duxit
623 1218 754 1315 'opus
773 1218 808 1292 δι
826 1217 1006 1292 testudine
1024 1216 1143 1316 sepsit.

264 1317 443 1416 Tempore
462 1343 536 1418 quo
555 1318 694 1416 imperii
713 1318 824 1417 gessit
841 1317 1055 1416 Rodolphus
1073 1316 1225 1391 babenzs

264 1417 520 1517 Habspurgus,
543 1417 732 1490 Comitum
755 1417 956 1490 Germanus
979 1417 1117 1517 origine
1139 1417 1267 1491 Cesar.

263 1517 372 1590 Nunc
386 1517 482 1590 illam
498 1517 621 1590 multis
637 1535 848 1617 servantque
864 1514 1060 1618 foventque
1075 1516 1229 1590 minores

264 1617 449 1716 Impensis,
580 1643 676 1718 oque
697 1615 813 1690 looent
836 1618 873 1690 in
895 1618 1041 1707 honore,
1064 1641 1218 1718 suosque

264 1718 425 1818 Maiores
450 1642 642 1792 fflude
665 1734 817 1817 mquant
869 1717 967 1790 Nam
991 1714 1141 1791 fulmine
1164 1733 1294 1791 tectam

262 1818 397 1916 Saepibs
416 1818 580 1890 immensi
598 1834 803 1916 reparanmt
822 1817 1025 1916 sumptibus
1042 1817 1129 1890 aeris.

262 1917 413 2017 Jamque
430 1916 519 1991 adeb
537 1943 661 2016 nuper,
679 1914 817 1991 foribus
834 1919 905 2018 qub
923 1917 1076 1991 maxima
1093 1916 1216 2016 templi

262 2019 362 2091 Stant
385 2017 491 2114 adyta
513 2017 690 2106 austrinis,
716 2018 809 2090 socia
833 2017 1011 2091 testudine
1034 2017 1166 2117 juncta,

261 2115 411 2190 Excelso
432 2113 597 2190 fabrimm
616 2133 813 2216 posuerunt
833 2117 965 2216 pariete
985 2118 1078 2190 muri

260 2217 363 2290 Intus
386 2234 428 2290 ut
452 2235 588 2290 exactas
611 2216 821 2290 mortalibus
845 2216 975 2291 indicet
1000 2218 1113 2306 horas,

260 2316 310 2390 Et
334 2316 425 2390 Solis
448 2317 632 2417 Lunaque
655 2317 743 2406 vias,
768 2333 959 2417 noctesque
982 2316 1139 2416 diesque,

259 2416 310 2490 Et
333 2442 483 2507 menses,
508 2415 687 2517 fastosque
712 2417 749 2490 in
773 2415 809 2488 lo
947 2417 1084 2518 digerat
1108 2442 1238 2490 aevum.

262 2517 403 2589 Mirum
427 2543 520 2616 opus
543 2517 691 2618 ingenii,
716 2517 829 2589 miran
855 2517 871 2541 “
900 2542 945 2590 ue
969 2534 1042 2590 arte
1066 2534 1238 2616 puratum.

140 2669 148 2684 .
258 2613 375 2709 Quale
396 2613 572 2690 laboriferi
594 2617 758 2690 nescisset
779 2617 900 2690 radere
921 2633 1045 2690 tornus

258 2716 456 2807 Praxitelis,
482 2717 580 2790 Cous
606 2742 669 2790 nec
693 2716 910 2815 depinxisset
933 2715 1088 2814 Apelles,

257 2816 334 2890 Nec
357 2815 589 2913 Polycletaeus
611 2817 770 2890 duxisset
792 2817 830 2888 in
854 2843 920 2890 aere
941 2817 1110 2889 caminus.

256 2913 374 3010 Quale
397 2941 461 2989 nec
484 2917 634 2990 AEtnaeis
657 2917 745 2989 olim
768 2915 956 2989 Telchines
980 2917 1017 2989 in
1040 2916 1160 3006 antris,

257 3018 335 3091 Nec
355 3016 494 3117 rigidus
515 3019 689 3115 Steropes,
703 3041 775 3130 ‘nec
795 3017 857 3188 qui
879 3014 968 3115 polit
989 3042 1084 3089 arma
1104 3016 1263 3090 Tonanti

258 3116 438 3190 Mulciber
460 3134 588 3190 aeterna
611 3134 784 3216 potursset
832 3142 939 3216 ngere
962 3142 1084 3188 massa.

255 3213 373 3309 Quale
394 3241 457 3289 nec
479 3217 545 3289 hoc
567 3234 644 3290 toto
666 3217 855 3317 quisquam
875 3216 1057 3314 conspexit
1080 3217 1116 3289 in
1138 3216 1235 3301 orbe,

254 3317 331 3390 Nec
353 3313 452 3389 facile
473 3316 627 3415 aspiciet,
651 3343 713 3390 seu
735 3315 869 3390 Gallica
890 3342 998 3416 regna
1021 3332 1184 3414 pererret,

258 3417 327 3489 Seu
350 3433 462 3489 totam
486 3416 624 3489 Italiam
646 3414 783 3506 lustret,
806 3442 868 3488 seu
890 3415 1066 3491 Teutonis
1088 3415 1210 3489 orbem

255 3516 401 3590 Viribus
420 3516 554 3616 ingenii
575 3532 798 3613 superantem
816 3515 954 3590 climata
974 3515 1099 3590 mundi

255 3616 381 3689 Toties
408 3617 548 3705 invisat,
576 3641 639 3688 seu
665 3616 804 3690 Persica
830 3643 910 3688 rura
937 3633 1108 3716 peragret,

256 3718 338 3790 Sive
360 3716 461 3791 adeat
482 3715 622 3813 Libyen
644 3732 751 3815 atque
773 3716 898 3790 ultima
920 3715 1038 3789 littora
1059 3715 1206 3789 Thules.

18 3900 167 3980 strasburg.
259 3881 466 3982 Trasbourg
484 3881 648 3954 standeth
667 3881 705 3954 in
725 3881 785 3956 the
802 3879 910 3954 lower
927 3879 1073 3970 Alsatia,
1092 3881 1161 3954 and
1180 3881 1211 3953 is
1230 3881 1358 3955 situate

272 3981 345 4054 ina
361 4007 448 4080 very
464 3980 619 4080 pleasant
634 3982 705 4055 and
721 3978 910 4055 delectable
926 3979 1041 4079 plaine
1057 3980 1166 4054 about
1181 4006 1201 4052 a
1217 3998 1357 4081 quarter

202 4080 246 4156 of
257 4109 302 4156 an
314 4080 466 4183 English
479 4079 562 4155 mile
575 4080 707 4155 distant
720 4077 813 4154 from
826 4081 885 4155 the
898 4081 1035 4170 Rhene,
1043 4097 1103 4178 yet
1114 4078 1192 4155 well
1204 4082 1356 4156 watered

496 4231 554 4292 *A
573 4231 645 4292 fault
665 4231 718 4293 but
737 4231 897 4308 something
918 4231 1061 4291 tolerable.

752 4331 809 4391 182
