3022 5040
379 298 616 375 GEORGE
652 297 929 375 CORYAT'S
963 298 1165 376 POEMS

193 481 281 554 Huc
298 482 414 567 venio,
433 482 470 554 u
488 481 605 569 redeo,
623 507 760 570 maneo,
778 507 879 582 rogo,
897 481 1062 582 quoerito,
1080 480 1234 584 plango,

241 582 362 655 Audio
380 580 430 654 nil
446 581 512 653 nisi
529 597 565 655 te
582 582 730 656 morbus
748 583 894 683 iniquus
910 582 1026 656 babet.

194 684 410 779 Compreeor
427 683 485 778 (ut
503 683 636 779 prosim
654 681 734 779 tibi)
751 684 871 782 magni
887 707 1027 755 carmen
1046 683 1230 771 Homeri,

243 783 328 879 Quo
345 798 386 854 tu
404 780 556 879 perlecto
573 781 790 856 convaluisse
807 799 920 881 potes.

193 884 303 956 Nunc
320 881 384 954 tibi
402 883 552 955 devotos
569 882 778 955 morborum
797 881 940 981 postulo
958 885 1072 958 divos.

244 983 350 1056 Nunc
367 983 455 1054 mihi
473 983 700 1056 Mercurium
716 982 935 1056 consuluisse
951 1009 1052 1084 rogo.

196 1082 384 1255 Isthjubet
399 1082 507 1155 libros
525 1083 745 1155 medicorum
763 1100 805 1156 ut
821 1083 1014 1171 consulam,
1033 1101 1068 1157 et
1086 1083 1138 1157 illi

285 1208 323 1256 ee
339 1183 416 1274 tibi,
436 1208 497 1256 nec
514 1184 602 1255 mihi
619 1208 656 1255 se
672 1184 890 1256 consuluisse
907 1201 1038 1283 negant

195 1284 282 1357 Hos
299 1300 423 1380 repeto
440 1283 542 1356 docte
559 1283 734 1381 promittit
751 1282 864 1355 multa
880 1283 1047 1371 Galenus,

246 1384 480 1456 Rheumatieo
497 1399 625 1456 certam
643 1383 773 1482 datque
791 1383 954 1457 Salernus
971 1409 1089 1482 opem.

195 1486 299 1581 Quos
361 1509 384 1556 ο
401 1485 450 1556 sie
466 1483 585 1581 paucis
602 1485 768 1599 conjunxi
785 1485 957 1576 versibus,
975 1500 1016 1558 ut
1033 1485 1104 1557 sint

247 1587 281 1656 A
335 1587 342 1600 '
360 1585 464 1684 'oque
481 1583 556 1674 tibi,
574 1583 809 1684 praesidioque
827 1584 900 1657 tibi.

196 1684 343 1784 Perlege
360 1685 405 1757 de
422 1683 549 1756 morbo
566 1700 685 1757 vestro
701 1684 809 1757 breve
825 1709 976 1757 carmen.
1030 1686 1226 1760 Homerus

246 1785 349 1889 Juvit
365 1784 620 1875 Alexandrum,
638 1802 674 1858 te
690 1809 769 1859 mea
787 1785 898 1856 Musa
910 1785 1023 1885 juvet.

196 1922 333 2091 Jizjuna.
360 1921 476 2088 vigila.
501 1919 611 2061 caldas
628 1989 728 2086 dape.
751 1921 866 2086 inque
883 1987 1012 2061 labora.

199 2123 368 2353 ΙιΞΐυηάαε
383 2104 765 2265 calidum⁶Modicum
784 2191 874 2265 bibe.
900 2121 1094 2290 domprime
1111 2193 1253 2268 flatum.

200 2375 292 2447 Haee
309 2376 397 2447 bene
414 2389 456 2447 tu
472 2398 583 2464 serva,
600 2372 634 2445 Si
652 2373 705 2445 vis
723 2371 896 2470 depellere
913 2373 1069 2447 rheuma.

199 2591 297 2692 Ejice
315 2590 566 2663 Rheumatieos
578 2490 932 2691 jejundnlejdlpiltime)
951 2589 1081 2681 fluxus,

298 2691 462 2792 Jejunare
480 2690 615 2763 bonum
632 2706 696 2778 est,
714 2691 776 2763 sed
795 2715 978 2781 macerare,
995 2689 1142 2762 malum.

199 2908 260 2981 Tu
278 2907 431 2980 multum
448 2907 584 3006 vigilas.
611 2908 648 2979 δῑ
666 2806 905 2980 dbrdisglidib.
933 2907 1020 3008 quid
1037 2908 1146 2982 inde?

299 3010 362 3081 Vis
378 3009 534 3080 dormire
551 3006 687 3106 magis?
714 3008 751 3079 δῑ
768 3007 912 3106 vigilare
930 3008 1074 3081 minus?

199 3226 325 3325 Teque
342 3225 444 3322 dape,
463 3225 533 3320 (ast
549 3122 979 3325 ealiddfinadbbseiblbeabis
996 3250 1075 3322 ope.

605 3367 630 3431 4
655 3339 788 3438 Tuque
806 3341 956 3413 Labora.

200 3443 333 3515 Nonne
349 3440 448 3514 labor
465 3441 626 3514 studium
645 3439 869 3515 multorum?
895 3440 998 3513 lectio
1015 3440 1153 3516 multa?

300 3541 368 3614 Est
385 3541 483 3614 labor
500 3540 555 3613 ille
572 3542 691 3630 animi,
709 3541 754 3613 sit
771 3540 868 3613 labor
886 3542 952 3613 iste
968 3567 1104 3615 manus.

580 3679 599 3754 ς
628 3654 800 3730 Infundas
817 3657 981 3730 calidum.

201 3760 286 3832 Hoc
302 3758 423 3857 liquet,
441 3773 481 3829 ut
498 3755 612 3857 frigus
629 3758 717 3830 tanti
735 3759 780 3831 sit
796 3783 898 3830 causa
915 3757 1057 3844 doloris,

252 3856 417 3931 Infusum
435 3857 586 3930 calidum
605 3857 735 3955 pellere
752 3859 900 3930 rheuma
917 3874 1034 3956 potest

605 3975 626 4046 6
655 3975 847 4048 Modicum
866 3975 957 4048 bibe.

201 4077 335 4150 Cuncta
352 4073 436 4148 facis
453 4075 603 4163 modice,
622 4074 760 4148 modice
776 4075 1004 4174 eomedisque
1021 4074 1197 4172 bibisque,

252 4177 355 4260 Quid
366 4177 470 4277 juvat
487 4191 529 4247 ut
541 4175 689 4276 jubeam
706 4190 742 4248 te
760 4174 941 4335 mpdicum
960 4175 1103 4248 bibere?

751 4295 790 4354 39
