3022 5040
550 318 825 396 CORYAT’S
864 318 1179 396 CRUDITIES

123 501 259 579 apocha
284 498 588 600 ἑτεροδιδασκαλίαν
599 517 756 574 evertere
773 499 907 575 facilius
919 518 1073 600 possent
1110 501 1206 574 Nam
1220 502 1442 576 exomnibus

122 584 249 725 ¹¹1¹ka
284 603 480 677 illustribus
496 603 583 676 viris
599 628 691 704 quos
706 620 823 676 vestra
839 602 928 676 aluit
944 602 1079 693 civitas,
1097 628 1143 676 ne
1159 628 1274 676 unum
1292 604 1440 707 quidem

150 682 183 724 '¹‘
248 705 256 721 '
284 703 465 775 nominare
495 719 596 802 potes
627 702 689 801 qui
721 702 842 775 Graeci
870 701 995 817 lingui
1024 727 1097 774 non
1127 701 1289 776 imbutus
1319 700 1437 778 fuerit.

284 802 445 876 Secundb
462 801 694 876 consideratio
710 827 829 875 crassae
847 802 992 875 inscrtiae
1010 801 1276 892 nonnullorum,
1292 803 1357 903 qui
1373 805 1439 877 etsi

283 899 412 975 famam
438 899 592 1002 aliquam
619 902 666 975 ob
694 901 946 1000 superficialem
972 901 1151 1002 quandam
1177 902 1375 977 doctrinam
1401 903 1438 976 in

281 1002 404 1100 repub.
431 1000 582 1075 literariai
606 1002 724 1101 adepti
750 998 893 1092 fixerint,
919 1018 1038 1074 tamen
1062 1001 1146 1104 quia
1171 1002 1280 1103 hujus
1303 1000 1437 1104 linguae

281 1102 485 1201 cognitione
513 1102 675 1177 destituti
707 1099 816 1190 fuere,
847 1101 884 1174 in
913 1100 1047 1174 multos
1075 1102 1221 1200 putidos
1249 1127 1289 1175 ac
1318 1100 1438 1178 foedos

280 1227 413 1274 errores
432 1200 584 1317 prolapsi
604 1218 699 1291 sunt,
719 1202 753 1275 δι
772 1201 908 1300 scriptis
928 1201 1001 1274 suis
1010 1200 1245 1376 pgridicurs
1265 1202 1437 1303 quasdam

279 1301 512 1376 absurditates
525 1303 612 1401 rpsis
625 1301 732 1375 etiam
746 1301 866 1400 pueris
879 1301 1009 1375 irriden
1131 1300 1437 1400 reprehendendas

279 1400 501 1475 mandirunt.
566 1401 662 1474 Nam
689 1402 818 1475 Petrus
845 1401 1032 1474 Comestor
1058 1400 1223 1475 Ecclesia
1249 1400 1435 1476 Treoensis

277 1501 470 1600 presbyter,
486 1503 548 1603 qui
563 1501 655 1575 vixit
669 1527 762 1574 anno
782 1502 887 1576 1206.
902 1501 1258 1600 &praestantissimus
1273 1502 1329 1576 sui
1344 1518 1433 1575 tem·

276 1602 372 1700 poris
386 1600 575 1700 theologus
590 1601 812 1674 existimatus
826 1598 907 1691 fixit,
923 1601 989 1675 hoc
1002 1599 1218 1675 vocabulum
1232 1600 1433 1676 Eunuchus

275 1700 434 1773 derivare
448 1726 520 1772 non
536 1698 711 1773 dubitavit
723 1699 765 1772 ab
782 1699 816 1769 ἐν
832 1700 930 1798 quod
942 1699 1113 1798 significat
1126 1699 1226 1785 bene,
1237 1700 1275 1774 81
1289 1699 1432 1792 Nuche,

275 1799 433 1873 victoria.
477 1800 661 1873 Nimirbm
680 1801 779 1900 qubd
797 1826 880 1901 egre
909 1799 940 1873 'a
957 1802 991 1876 δι
1008 1802 1099 1900 pene
1116 1799 1266 1874 coelestis
1283 1800 1432 1876 victoria

275 1900 306 1972 ei
322 1900 400 1973 visa
416 1897 531 1971 fuerit
579 1897 705 1992 Quum
724 1925 761 1972 re
778 1899 860 1973 veri
877 1826 1059 1974 didicatur
1076 1895 1146 1970 ἀπὸ
1161 1905 1218 1981 τῆς
1234 1899 1318 1982 &vvir
1333 1900 1433 2000 quod

273 1998 444 2099 significat
461 1998 675 2086 cubiculum,
690 1999 728 2071 ὅτ
742 1999 826 2096 ἔχειν
843 1999 979 2087 habere,
998 1999 1035 2073 id
1053 2014 1119 2087 est,
1132 2024 1209 2074 sese
1221 2001 1258 2073 in
1270 1999 1432 2074 cubiculo

272 2124 434 2189 comere,
466 2100 551 2200 quia
582 2100 734 2173 eunuchi
766 2101 810 2175 ad
843 2098 1087 2174 cubiculorum
1118 2100 1152 2174 δι
1181 2125 1430 2201 gynecaeorum

273 2198 469 2274 custodiam
504 2225 694 2299 curamque
730 2200 920 2299 comparari
956 2198 1126 2289 solebant,
1163 2201 1262 2302 qubd
1295 2199 1430 2274 ancillis

272 2300 508 2398 expeditiores
532 2317 659 2390 essent,
683 2301 717 2373 ἃ
741 2300 787 2372 ob
812 2316 996 2398 exemptos
1020 2298 1200 2374 testiculos
1224 2301 1268 2374 ad
1292 2300 1429 2374 coitum

272 2399 394 2497 inepti.
446 2398 616 2472 Nicolaus
629 2399 735 2473 etiam
749 2399 911 2496 Lyranus
923 2398 1089 2514 egregius
1101 2399 1197 2498 apud
1210 2423 1277 2472 nos
1287 2397 1429 2500 Anglos

272 2498 519 2599 theologaster,
543 2501 576 2573 δι
601 2499 829 2573 Minoritanae
852 2496 992 2573 famihae
1016 2525 1198 2572 summum
1221 2499 1340 2589 docus,
1363 2499 1428 2600 qui

271 2598 391 2672 floruit
405 2624 499 2671 anno
518 2623 623 2695 1310.
640 2599 858 2697 hypocritam
873 2599 1037 2698 appellari
1051 2599 1240 2673 affirmavit
1254 2599 1297 2673 ab
1313 2599 1427 2698 hypos

270 2699 367 2798 quod
394 2716 447 2772 cst
474 2700 552 2789 sub,
579 2701 613 2773 δι
638 2699 735 2772 crisis
760 2725 898 2772 aurum.
964 2697 1061 2793 Qria
1088 2699 1154 2772 sub
1181 2725 1268 2773 auro
1295 2699 1425 2774 scilicet

268 2798 450 2872 exterioris
469 2799 745 2872 conversationis
764 2799 869 2871 habet
888 2799 1134 2874 absconditum
1153 2796 1343 2898 plumbum
1361 2795 1424 2872 fal-

269 2897 402 2970 sitatis:
427 2896 518 2971 anile
535 2895 692 2997 profectb
709 2896 886 2988 delirium,
903 2897 1149 2998 &puerilibus
1166 2897 1277 2971 sibilis
1293 2898 1424 2998 excipi·

268 2997 412 3071 endum.
482 2997 588 3070 Alius
632 2999 739 3071 etiam
783 2996 992 3097 Theologus
1037 3024 1109 3070 non
1153 2998 1282 3071 infime
1327 2999 1424 3097 apud

268 3096 473 3169 Pontificios
496 3096 624 3188 classis,
649 3095 833 3172 diabolum
856 3099 1000 3171 traxisse
1024 3124 1155 3171 nomeu
1179 3098 1297 3171 scribit
1320 3100 1341 3172 a
1364 3099 1424 3174 dia

267 3197 366 3297 quod
387 3213 441 3270 est
462 3197 548 3287 duo,
570 3199 604 3271 ἃ
625 3196 729 3270 bolus
751 3223 891 3271 morsus
912 3197 950 3295 (ὃ
972 3197 1131 3296 lepidum
1152 3200 1186 3272 ἃ
1207 3195 1423 3297 perfacetum

266 3313 382 3395 caput,
400 3324 444 3370 ne
459 3297 574 3371 dicam
588 3296 812 3396 plumbeum)
829 3298 927 3399 qubd
942 3298 1085 3372 duobus
1101 3297 1229 3372 scilicet
1245 3298 1423 3371 morsibus

266 3413 385 3470 totum
399 3397 580 3470 hominem
595 3398 754 3487 devoret,
769 3423 843 3470 uno
857 3422 996 3496 corpus,
1010 3396 1120 3471 altero
1134 3398 1298 3471 animam.
1352 3398 1421 3474 Sed

265 3511 400 3568 constat
411 3491 479 3565 dard
492 3501 553 3565 τοῦ
565 3492 755 3582 διαβάλλειν
765 3497 882 3592 potitis
899 3496 1025 3568 deduci
1043 3495 1236 3583 diabolum,
1250 3497 1420 3594 quonlam

265 3622 378 3697 quum
409 3597 455 3669 sit
484 3596 629 3669 humani
659 3597 799 3697 generis
828 3597 950 3687 hostis,
981 3597 1143 3670 homines
1171 3599 1267 3695 apud
1296 3597 1421 3672 Deum

263 3695 506 3771 calumniatur.
559 3696 691 3770 Nonne
706 3698 898 3770 subsannas
913 3722 1069 3813 nasoque
1083 3696 1269 3796 suspendis
1282 3697 1420 3771 adunco

263 3797 348 3868 istas·
361 3795 512 3894 pueriles
527 3796 783 3898 etymologias?
812 3822 919 3912 quate
934 3823 979 3870 ne
992 3798 1169 3896 ejusmodi
1184 3822 1295 3871 crassa
1308 3815 1421 3872 errata

263 3897 473 3986 committas,
496 3922 575 3997 quae
597 3923 640 3970 ex
661 3897 791 3971 Graecae
812 3896 944 3996 linguae
966 3897 1165 3997 ignorantii
1185 3897 1269 3970 oriri
1292 3896 1418 3987 solent,

263 3995 328 4070 tibi
346 3996 457 4070 amice
473 3995 620 4070 consulo

411 4138 562 4151 —
583 4094 808 4195 Exemplaria
830 4095 951 4171 Graeca

410 4195 595 4271 Nocturni
616 4222 753 4270 versare
776 4223 896 4286 manu,
918 4221 1055 4270 versare
1075 4197 1213 4271 diurni.

811 4331 866 4388 ¹3²
