3022 5040
311 301 550 385 GEORGE
588 303 863 383 CORYAT’S
899 303 1090 383 POEMS

119 623 279 704 Allusio
304 621 352 701 ad
378 622 477 702 illud
503 622 644 704 Ovidii
675 621 1054 730 Metamorphoseos
1081 624 1235 733 Scripta

208 737 249 814 in
294 734 450 816 dictum
497 735 618 843 patris
663 734 785 815 Penei
830 733 878 815 ad
926 731 1053 816 filiam
1081 736 1130 818 ad

209 847 440 955 Daphnem.
1082 849 1274 931 Eandem.

174 1009 322 1181 Seps
338 1025 436 1107 pater
452 1010 555 1097 dixit,
572 1008 755 1082 Generum
773 1009 859 1081 min
877 1009 947 1082 nna
963 1011 1070 1083 deses
1184 978 1193 1006 '

278 1108 491 1282 Saeperater
507 1109 610 1202 dixit,
628 1109 747 1183 Debes
764 1109 852 1183 mibi
870 1126 950 1183 nata
967 1109 1026 1185 Ne
1075 1126 1137 1185 tes.

173 1211 230 1283 Sic
247 1227 344 1307 pater
407 1211 568 1284 enricus:
596 1209 776 1284 Generum
794 1210 880 1283 mihi
899 1209 970 1284 filia
986 1210 1030 1284 de
1076 1236 1104 1303 s,

222 1310 421 1410 Longaque
437 1309 587 1384 debetur
603 1311 787 1409 posteritas
803 1310 957 1384 Proavis.

173 1411 267 1485 Nata
283 1427 384 1509 potes
402 1409 572 1511 regnare?
598 1425 700 1508 potes
717 1411 791 1483 sine
808 1436 971 1510 compare
988 1413 1098 1486 vitam

222 1511 388 1585 Ducere?
411 1513 449 1586 &
467 1512 530 1587 hac
547 1511 621 1584 rari
638 1511 723 1584 dote
739 1511 851 1599 beata,
870 1512 982 1586 mori?

174 1612 375 1714 Ingenium,
393 1611 563 1699 doctrina,
580 1610 691 1701 fides3
717 1611 796 1684 huic
813 1635 968 1686 consona
984 1612 1061 1686 doti

222 1715 400 1812 Regnum,
419 1709 544 1804 forma,
561 1712 681 1804 decus,
699 1711 838 1827 singula
855 1736 995 1785 summa
1011 1711 1087 1787 tibi.

174 1814 287 1886 Hisce
303 1829 366 1886 tuo
384 1814 482 1886 Patri
502 1838 573 1886 non
591 1837 627 1886 es
644 1811 839 1886 virtutibus
856 1813 981 1911 impar,

224 1913 345 2015 Major
360 1929 396 1986 at
413 1911 470 1987 ille
487 1915 557 1986 una
574 1929 638 2000 est,
657 1914 694 1987 &
712 1913 828 1986 minor
846 1913 858 1985 i
935 1913 1051 1987 Patre.

171 2015 282 2111 Quod
300 2013 406 2087 talem
422 2013 518 2087 Patri
535 2013 635 2088 licuit
652 2029 687 2087 te
703 2038 843 2087 cernere
859 1938 1016 2106 gradem,

222 2113 349 2197 Qualis
365 2116 478 2188 adhuc
494 2113 598 2188 Natae
615 2138 688 2187 non
705 2113 807 2189 datur
824 2113 895 2188 ulla
911 2139 995 2188 suae.

171 2215 225 2289 Sic
243 2216 359 2288 minor
376 2216 414 2289 &
432 2215 555 2317 major,
572 2214 692 2288 minor
708 2239 745 2288 es
762 2229 815 2302 tu,
834 2213 946 2315 major
962 2231 998 2289 at
1013 2213 1083 2308 ille,

221 2315 281 2389 Tu
299 2316 432 2389 minor:
462 2315 530 2391 hoc
546 2332 650 2414 partu
667 2314 780 2416 major
796 2333 832 2390 at
849 2339 925 2389 esse
942 2332 1054 2416 potes.

429 2602 522 2683 Alia
551 2603 688 2683 allusio
718 2601 766 2682 ad
795 2601 974 2683 eandem.

265 2765 410 2837 Ixerunt
425 2763 532 2839 olim:
560 2762 693 2837 Rex&
711 2761 845 2864 Regina
863 2763 965 2839 beati.

313 2864 365 2937 At
382 2889 477 2937 nunc
495 2863 593 2962 plebs
610 2863 706 2955 dicit,
723 2862 880 2937 Tantum
898 2865 1035 2964 Regina
1053 2864 1161 2940 beata.

171 2966 207 3038 Ο
225 2966 361 3038 utinam
379 2980 523 3061 possent
541 2965 585 3061 (si
602 2965 672 3037 sint
690 2964 746 3062 pia
762 2965 864 3060 vota)
882 2989 1017 3056 sonare,

170 3066 260 3140 Sunt
277 3090 359 3139 cum
376 3064 482 3138 Prole
499 3066 561 3138 sua
578 3067 657 3138 Rex
674 3065 712 3138 δι
730 3065 869 3181 Regina
884 3065 987 3154 besti,

170 3165 273 3240 Tunc
290 3182 406 3240 essent
422 3190 558 3253 omnes,
577 3163 681 3239 simul
697 3191 796 3238 omnr
814 3191 858 3238 ex
874 3181 974 3264 parte
990 3165 1104 3241 beati:

170 3266 297 3358 Patria,
314 3266 430 3354 Plebs,
448 3266 628 3365 Princeps,
646 3268 723 3339 Rex
739 3267 777 3340 &
795 3265 934 3366 Regina
949 3266 1053 3340 besti.

148 3539 212 3618 De
241 3563 387 3615 novem
416 3536 540 3615 literis
570 3535 737 3644 Reginae
769 3535 959 3616 Nominis
987 3536 1243 3622 Errznsnrn.

263 3700 300 3772 Ic
316 3723 380 3771 cur
395 3696 551 3772 literulas
569 3696 673 3770 babet
690 3695 894 3770 Erisaurm
912 3697 1091 3772 novenas?

311 3799 371 3872 An
391 3799 517 3872 Musas
533 3798 632 3898 quod
649 3813 743 3871 amet
759 3796 966 3872 Eusnsarn
985 3798 1139 3874 novem?

169 3900 237 3973 Est
254 3901 313 3986 ita,
331 3900 393 3973 sed
411 3900 500 3973 ratio
518 3899 611 3973 subit
628 3898 692 3972 haic
708 3915 827 3972 tamen
845 3898 950 3972 altera
967 3899 1091 4001 major,

218 3999 274 4074 Te
292 4000 412 4073 Musae
428 3999 527 4099 quod
544 4017 662 4073 ament
679 3998 885 4073 Euenum
903 4024 1043 4074 novem.

667 4304 727 4382 ³⁸³
