3022 5040
175 334 417 412 EPISTLE
453 332 529 412 TO
564 334 802 412 MARCUS
839 332 1145 410 BUELERUS

81 520 141 592 Ut
163 543 244 592 cum
267 519 425 592 Horatio
447 516 581 620 loquar.
634 518 730 591 Nam
752 517 809 617 (ut
831 517 928 592 idem
949 479 1113 614 affirmat)
1261 528 1398 668 pposito

233 666 351 840 {lamiis
371 667 570 840 {ngenium
591 667 709 742 Graiis
730 667 830 742 dedit
851 693 912 740 ore
932 665 1088 752 rotundo
1262 628 1397 753 aa,

283 793 347 842 usa
385 793 482 868 oqui.

83 918 274 991 Memoriae
322 917 481 992 roditum
504 934 558 991 est
582 916 755 1012 Joannem
779 917 1000 1015 Capnionem
1024 941 1131 1016 quem
1155 914 1239 988 alias

80 1017 256 1091 vocabant
289 943 542 1107 lleuchlinum,
576 1018 763 1091 authorem
797 1017 906 1117 hujus
939 1014 1240 1116 apoththegmatis

80 1113 213 1191 fuisse:
236 1117 413 1191 Hebraeos
453 1117 575 1191 uidem
591 1117 711 1191 bibere
726 1113 854 1206 fontes,
870 1117 1012 1190 Graecos
1027 1118 1113 1189 verb
1128 1114 1237 1204 rivos,

78 1217 230 1290 Latinos
249 1234 370 1291 autem
390 1143 547 1316 paiudes.
598 1215 720 1310 Quare
740 1215 866 1290 rivulis
885 1217 962 1289 istis
981 1215 1238 1314 limpidissimis

80 1333 193 1390 temet
212 1316 364 1416 prolana,
384 1316 511 1391 rivulis
530 1317 676 1417 inquam
695 1317 758 1418 qui
778 1317 817 1390 in
835 1316 1049 1390 carminibus
1069 1315 1237 1405 Homeri,

234 1466 400 1565 (—-
418 1493 439 1540 a
459 1493 533 1583 quo
553 1492 618 1541 ceu
638 1464 737 1540 fonte
757 1467 902 1565 perenni

231 1567 365 1642 Vatum
383 1567 509 1640 Pieriis
528 1594 588 1641 ora
607 1566 767 1668 rigantur
784 1567 900 1666 aquis)

78 1716 223 1791 abunde
248 1733 392 1807 scatent,
420 1717 457 1789 in
485 1716 740 1790 Demosthenis
766 1733 802 1789 et
830 1716 991 1789 Isocratis
1017 1715 1237 1789 orationibus

79 1815 185 1889 melle
214 1816 409 1914 Hymettio
437 1815 667 1890 dulcioribus.
719 1817 833 1891 Crede
862 1815 950 1889 mihi
979 1817 1028 1888 mi
1058 1814 1235 1911 (Buelere)

77 1916 145 1987 etsi
169 1914 342 1989 salebrosa
363 1917 408 1989 sit
429 1918 463 1991 δι
485 1917 625 2016 spinosa
647 1917 706 1989 via
727 1917 772 1990 ad
793 1916 952 1989 Athenas
974 1915 1118 1989 Graeciae
1139 1940 1234 1989 acro-

76 2013 190 2112 polin,
214 2031 332 2089 tamen
355 2014 438 2091 illuc
460 2017 489 2089 si
513 2015 621 2090 semel
643 2016 855 2115 perveneris,
877 2016 1025 2089 infinitis
1046 2015 1235 2090 deliciis&

103 2114 231 2189 utdam
271 2114 500 2215 voluptatum
539 2116 720 2190 affluentia
759 2116 919 2188 animum
959 2132 1065 2189 tuum
1104 2139 1233 2214 pasces.

115 2215 298 2289 udimenta
321 2212 467 2289 fortasse
490 2216 619 2289 Graecae
643 2214 692 2288 lin
746 2243 774 2289 ae
797 2216 972 2315 aspera&
994 2215 1115 2289 acerba
1138 2232 1233 2305 sunt,

76 2331 197 2388 tamen
220 2332 408 2415 postquam
433 2314 675 2390 sedulitate&
731 2315 889 2416 igilantia
913 2316 1086 2389 industrii
1109 2340 1234 2389 eorum

74 2414 264 2488 acerbitate
285 2415 515 2513 superaveris,
539 2415 753 2516 singularem
800 2416 954 2489 uandam
974 2415 1233 2517 jucunditatem

77 2513 162 2586 inde
189 2531 417 2613 percepturus
444 2541 492 2589 es.
560 2516 750 2589 Memento
778 2516 790 2588 i
817 2517 873 2588 ius
902 2542 974 2589 non
1003 2532 1075 2589 tam
1103 2515 1233 2589 veteris

73 2618 292 2792 quimultieri
327 2620 437 2710 dicti;
478 2618 614 2716 χαλεπά
647 2618 693 2693 τὰ
725 2618 820 2706 καλά,
846 2623 884 2695 dc
918 2622 1114 2722 pervulgati
1144 2621 1233 2695 illius

75 2744 190 2792 versic
244 2774 252 2792 .

226 2868 357 2944 Dulcia
373 2898 445 2944 non
461 2871 592 2946 meruit
608 2873 671 2974 qui
690 2897 761 2946 non
778 2873 939 2972 gustavit
954 2898 1080 2947 amara.

75 3019 203 3095 iisdem
241 3024 332 3119 pene
369 3022 487 3095 verbis
525 3039 559 3095 te
597 3020 758 3124 alloquor
796 3021 862 3122 (mi
901 3022 1061 3123 Buelere)
1100 3023 1231 3125 quibus

74 3118 244 3193 Helenus
264 3119 482 3222 Virgilianus
503 3123 654 3196 AEneam
675 3122 806 3196 affatus
826 3138 890 3197 est.

429 3269 524 3343 *Via
555 3271 668 3369 prima
700 3270 822 3345 salutis

72 3417 207 3520 (inquit
226 3418 419 3517 Helenus)
438 3419 499 3494 sed
517 3419 638 3521 gloriae
656 3438 762 3522 atque
780 3419 967 3513 felicitatis,
986 3423 1130 3525 inquam
1148 3451 1228 3526 ego,

125 3566 252 3667 (Qiod
278 3569 426 3643 minime
451 3570 550 3670 reris)
565 3569 684 3644 *Graia
709 3571 883 3670 pandetur
908 3571 951 3646 ab
979 3574 1077 3648 urbe.

70 3719 93 3791 a
113 3717 235 3793 Greci
253 3719 417 3794 videlicet
438 3719 560 3820 lingua
579 3721 805 3821 potissimum
826 3725 976 3822 petenda
995 3742 1048 3798 est
1067 3723 1126 3798 illa
1144 3751 1227 3842 cog-

70 3819 163 3891 nitio
201 3846 255 3892 uae
270 3837 305 3893 te
319 3821 446 3894 meritb
459 3821 561 3894 beare
575 3839 703 3920 potest.
756 3824 905 3898 Brevem
919 3826 1022 3899 istam
1036 3851 1227 3924 paraenesm

69 3918 116 3992 ad
137 3845 354 4017 politissima
376 3920 471 3993 illius
491 3920 622 4021 linguae
644 3922 824 3996 scientiam
845 3926 1114 4023 comparandam
1135 3928 1226 4028 aequi

69 4043 192 4118 quaeso
217 4018 374 4120 bonique
398 4019 585 4112 consulit0,
612 4021 782 4120 exemplis
807 4025 976 4098 nimirum
1002 4027 1122 4100 nixam
1148 4044 1226 4100 tum

68 4117 266 4192 multorum
284 4120 485 4194 Doctorum
502 4121 564 4223 qui
581 4123 619 4195 in
635 4139 752 4195 vestra
768 4122 910 4198 civitate
926 4125 1102 4227 Tigurina
1118 4127 1226 4201 floru-

554 4237 690 4298 *AEneid
714 4257 741 4316 3.

621 4357 678 4416 1³³
