3022 5040
552 307 827 384 CORYAT’S
866 306 1179 384 CRUDITIES

136 495 271 572 Elim
297 489 448 566 fecerim.
501 491 824 565 Armamentarium
854 507 1014 564 vestrum
1043 487 1251 563 omnimodo
1280 505 1451 587 apparatu

140 577 245 653 Gaspar
296 590 421 665 bellico
450 592 675 681 instructum,
705 590 861 690 antiquis
889 588 1032 690 Aquilis
1062 591 1095 663 δι
1124 587 1264 662 vexillis
1293 587 1451 660 Roman·

141 659 269 716 Wmm.
296 717 411 782 orum,
430 692 600 766 nerviceis
616 691 758 790 clypeis,
776 690 941 791 oblongis
956 707 1063 804 atque
1078 688 1290 787 ancipitibus
1307 687 1452 762 ensibus

297 793 394 865 utrin
420 817 477 882 ue,
506 791 668 890 plurimis
696 791 889 890 praeacutis
916 790 1121 889 cuspidibus
1149 789 1303 878 armatis,
1332 786 1452 888 gladio

297 891 405 966 Gulie
459 893 466 907 '
487 891 568 965 Tell
588 892 760 965 Suitensis
777 888 1089 965 confoederationis
1106 906 1232 963 vestrae
1251 887 1452 962 Helvetios:

296 994 456 1085 authore,
496 1017 643 1065 excusso
683 987 934 1064 Praefectorum
973 988 1183 1064 vestratium
1222 1005 1451 1062 externorum

296 1092 398 1192 jugo,
424 1093 486 1193 qui
511 1093 657 1165 immani
682 1117 721 1164 ac
745 1090 847 1190 plane
871 1090 1047 1164 barbarici
1071 1090 1108 1162 in
1132 1088 1292 1162 civitates
1316 1105 1451 1162 vestras

298 1192 482 1290 tyrannide
501 1193 647 1293 grassati
668 1209 763 1280 sunt,
783 1191 960 1290 variisque
980 1188 1057 1263 aliis
1076 1189 1277 1289 insignibus
1295 1188 1451 1288 antiqui-

298 1292 431 1366 tatibus
461 1294 599 1365 summe
630 1292 845 1380 decoratum,
877 1292 910 1364 δι
940 1290 1217 1404 exquisitissimo
1247 1289 1451 1363 decentissi-

298 1417 429 1493 moque
445 1392 569 1466 ordine
585 1390 778 1480 excultum,
795 1389 1028 1489 hyperbolicis
1043 1390 1088 1464 ad
1104 1388 1237 1462 multos
1253 1413 1352 1462 meos
1367 1414 1451 1462 con·

298 1507 474 1565 terraneos
498 1492 679 1590 praeconiis
703 1490 825 1564 extuli.
878 1491 955 1563 Nec
980 1516 1051 1562 non
1076 1490 1274 1590 elegantem
1297 1489 1452 1562 civitatis

298 1592 419 1681 situm,
463 1616 644 1663 amoenum
687 1591 822 1663 Limaci
865 1591 1108 1683 interfluxum,
1151 1589 1264 1663 nitida
1307 1587 1450 1687 templa,

299 1691 425 1764 turrita
452 1715 490 1763 ac
519 1690 662 1789 pinnata
691 1691 821 1762 moenia
850 1687 1037 1788 profundis
1065 1688 1167 1764 vallis
1196 1689 1451 1778 circumcincta,
1498 1730 1504 1743 ·

297 1791 496 1863 firmissima
519 1789 795 1890 propugnacula,
820 1789 980 1887 pulchras
1003 1788 1145 1888 plateas,
1170 1789 1343 1890 elegantia
1365 1789 1451 1864 edi-

297 1890 384 1980 ficia,
398 1889 626 1964 excellentem
640 1907 793 1963 vestram
807 1889 1074 1963 aristocraticam
1088 1887 1260 1988 politiam,
1276 1913 1453 1963 summam

297 1990 335 2062 in
361 2006 500 2062 exteros
526 1989 794 2080 humanitatem,
821 1991 1011 2061 maximam
1037 2015 1155 2062 rerum
1181 1990 1345 2062 omnium
1372 2007 1452 2062 tum

297 2089 341 2162 ad
359 2087 549 2162 utilitatem
568 2106 646 2161 turn
663 2089 708 2163 ad
725 2089 946 2186 voluptatem
964 2089 1238 2162 conducentium
1256 2089 1451 2162 exuberan-

298 2188 394 2278 tiam,
412 2187 500 2261 nihil
518 2214 590 2261 non
606 2188 755 2261 summis
770 2187 935 2261 laudibus
951 2189 996 2262 ad
1012 2189 1134 2286 sydera
1150 2190 1264 2263 evexi.
1316 2191 1451 2263 Vestrae

297 2287 451 2401 denique
475 2288 609 2360 civitati
635 2304 773 2361 tantum
798 2288 919 2377 tribui,
944 2305 985 2361 ut
1009 2289 1210 2386 paradisum
1233 2288 1451 2378 deliciarum,

297 2384 554 2461 fertilissimum
584 2388 810 2488 ingeniorum
841 2388 951 2461 totius
981 2389 1180 2462 Germania
1210 2389 1452 2478 seminarium,

296 2487 566 2586 &ipsissimum
589 2489 780 2560 Musarum
800 2488 1021 2561 domicilium
1041 2514 1114 2561 non
1134 2489 1312 2562 immeritb
1331 2488 1452 2587 appel-

297 2585 454 2659 laverim.
508 2589 637 2661 Unum
653 2588 793 2661 tantiam
808 2589 875 2660 hoc
890 2588 994 2660 vobis
1009 2589 1129 2662 deesse
1145 2589 1328 2678 affirmavi,
1345 2589 1452 2662 nimi·

297 2687 378 2758 rirm
402 2687 726 2760 cohonestationem
751 2688 911 2761 virorum
936 2688 1196 2802 Tigurinorum
1221 2704 1293 2761 tam
1320 2689 1453 2762 Martis

297 2810 404 2885 quam
425 2787 616 2860 Musarum
636 2788 852 2862 ornamentis
870 2786 1062 2860 illustrium
1082 2789 1218 2878 statuis,
1240 2788 1451 2878 Mausoleis,

296 2887 540 2959 &honorariis
556 2888 733 2960 virtutum
750 2913 874 2959 eorum
891 2887 1077 2999 epitaphiis
1093 2905 1200 2986 atque
1216 2886 1352 3058 elogiis,
1371 2913 1452 2988 quae

296 2983 429 3084 ubique
443 2986 480 3058 in
494 2985 661 3058 omnibus
674 2986 811 3059 coeteris
823 2987 1021 3061 Germania
1035 2985 1238 3060 civitatibus
1251 3013 1274 3059 o
1300 2989 1452 3088 servavi,

297 3085 470 3183 praecipub
485 3088 571 3158 verb
588 3086 742 3175 Basileae,
759 3086 1023 3186 Heidelbergae,
1041 3087 1160 3184 Spirae,
1177 3112 1215 3159 ac
1232 3088 1450 3187 Moguntiae.

299 3185 367 3258 sed
398 3186 518 3257 omnia
548 3185 621 3258 haec
652 3188 722 3259 una
753 3211 834 3258 cum
867 3185 1021 3278 Gallicis,
1055 3187 1195 3277 Italicis,
1227 3189 1260 3261 δι
1291 3188 1452 3261 Rheticis

296 3283 604 3357 observationibus
635 3310 723 3400 quas
752 3285 965 3385 jamdudum
996 3285 1134 3401 collegi,
1166 3289 1200 3361 δι
1231 3287 1451 3386 Hispanicis,

296 3383 486 3473 Polonicis,
529 3385 687 3474 Danicis,
731 3385 920 3478 saxonicis,
963 3387 1133 3476 TurciciS,
1177 3414 1264 3487 quas
1306 3389 1452 3486 posthac

297 3483 455 3581 (Christo
484 3485 588 3582 duce)
617 3484 826 3558 collecturus
855 3512 946 3575 sum,
978 3487 1119 3560 tandem
1148 3488 1262 3560 divini
1293 3489 1452 3562 numinis

295 3584 459 3681 auspiciis
488 3585 525 3657 in
555 3611 669 3657 unum
698 3611 824 3684 corpus
853 3586 1001 3678 redacta,
1031 3588 1172 3685 copiose
1201 3587 1381 3685 explicata,
1411 3614 1450 3661 ac

295 3700 390 3756 certo
413 3683 569 3783 quodam
592 3685 716 3758 ordine
738 3711 777 3758 ac
799 3686 969 3759 methodo
992 3686 1184 3785 digesta&
1208 3688 1301 3785 typis
1323 3714 1451 3761 excusa

295 3782 444 3856 videbis.
499 3785 635 3857 Interea
659 3784 830 3882 impolitis
854 3785 947 3858 hisce
970 3784 1072 3859 lineis
1096 3804 1287 3860 extremam
1311 3789 1450 3861 coroni-

295 3881 377 3955 dem
393 3883 590 3981 imponens‚
607 3901 641 3956 te
657 3910 720 3956 oro
734 3901 770 3957 at
795 3911 841 3957 ue
856 3886 1024 3975 obtestor,
1041 3887 1078 3957 in
1093 3888 1287 3960 amicorum
1303 3905 1450 3962 tuorum

295 3981 415 4055 album
433 3980 561 4056 referre
579 3984 736 4084 digneris
755 3911 819 4058 tiiii
838 3986 1118 4060 addictissimum
1138 3986 1218 4084 (etsi

459 4099 510 4170 Sit
524 4100 666 4198 penitlis
682 4117 758 4173 toto
771 4101 909 4176 divisus
922 4101 965 4173 ab
980 4102 1064 4174 orbe
1080 4103 1283 4202 Britannus)

507 4200 685 4272 Thomam
706 4202 901 4298 Coryatum
922 4201 1231 4276 Odcombiensem.

329 4304 455 4364 Londini
476 4305 569 4384 pridie
588 4305 727 4366 Calendis
747 4307 889 4383 Augusti:
911 4309 998 4366 Anno
1020 4307 1103 4384 Regii
1125 4306 1308 4385 θεανθρῶπου
1333 4310 1416 4389 1609.

844 4408 900 4448 120
