3022 5040
399 296 638 374 GEORGE
673 296 949 374 CORYAT'S
985 296 1177 374 POEMS

211 555 480 665 Epitaphium
516 556 851 635 Reverendissimi
887 558 927 634 in
964 555 1127 636 Christo
1163 557 1295 637 Patris
1328 585 1369 637 ac

299 670 470 749 Domini
511 669 564 748 D.
601 669 766 773 Joannis
800 669 921 774 Juelli
962 670 1153 777 Episcopi
1190 671 1368 750 Sarisbu-

297 782 447 876 riensis,
480 781 721 860 Mecoenatis
750 784 809 861 sui
840 782 998 889 optimi.

210 942 368 1112 JUlius
385 943 586 1014 Austriacos
603 941 721 1013 Caesar
737 967 818 1014 cum
836 943 963 1014 vicerat
979 943 1129 1042 Anglos,

311 1044 439 1116 Fertur
456 1042 500 1115 ad
517 1041 680 1114 occiduas
696 1058 806 1114 castra
822 1041 950 1115 locasse
967 1042 1105 1141 plagas:

212 1143 262 1216 Et
279 1142 446 1216 fundasse
463 1168 528 1215 suo
545 1143 590 1215 de
608 1142 751 1214 nomine
768 1141 913 1214 Caesaris
929 1141 1065 1230 urbem,

261 1245 340 1316 Sive
358 1243 586 1316 sarisburiam
604 1241 842 1315 Caesareamve
858 1267 972 1315 voces.

211 1343 325 1436 Julius
342 1344 514 1428 abscessit,
532 1344 690 1442 rexitque
708 1345 794 1415 hanc
806 1343 888 1443 jure
904 1342 1051 1436 Juellus,

263 1444 422 1543 Angliaci
440 1468 553 1539 nuper
570 1444 723 1514 maxima
739 1441 891 1515 Gemma
907 1443 982 1515 soli.

212 1545 299 1640 Quo
317 1569 434 1643 neque
450 1544 504 1614 vir
521 1544 645 1615 melior
660 1543 859 1642 quisquam,
878 1568 992 1641 neque
1009 1543 1206 1641 Episcopus
1225 1544 1315 1617 alter

262 1646 422 1733 Doctior,
440 1660 503 1716 aut
518 1645 590 1716 virt
606 1646 726 1741 purior
743 1642 838 1715 ullus
854 1660 937 1715 erat.

215 1745 301 1816 Hoc
319 1769 380 1816 sua
397 1759 569 1817 testantur
586 1741 731 1841 pulchre
748 1758 977 1815 monumenta
993 1743 1165 1830 laborum,

263 1845 406 1943 Proque
422 1845 489 1916 Dei
508 1845 624 1941 scripti
640 1843 822 1943 relligione
838 1843 928 1916 libri.

212 1945 324 2040 Queis
342 1969 523 2042 nunquam
542 1945 676 2041 scripsit
693 1944 876 2044 quisquam
895 1942 1049 2030 meliora,
1067 1942 1209 2016 locutus

265 2045 300 2116 N
303 2044 342 2117 ec
360 2045 471 2142 magis
489 2043 647 2142 Hyblaeo
664 2044 772 2116 verba
788 2040 915 2116 referta
932 2041 1024 2115 favo.

215 2143 392 2216 Fulminat
410 2145 444 2215 in
462 2145 567 2217 vitia:
595 2145 630 2215 in
648 2169 740 2216 verae
758 2145 893 2241 pietatis
910 2159 1067 2216 amantes

265 2244 350 2340 Spar
376 2245 402 2316 't
420 2243 631 2343 Evangelica
648 2243 784 2343 singula
800 2244 902 2341 plena
920 2244 1001 2317 fide.

215 2342 329 2416 Chara
346 2269 428 2416 geo
446 2344 631 2442 imprimis,
649 2344 784 2417 cunctis
802 2343 1008 2416 mortalibus
1025 2368 1124 2441 aequa

263 2445 346 2515 Vita
363 2441 441 2532 fuit,
461 2445 565 2516 nullis
582 2470 681 2516 mens
699 2444 754 2541 pia
771 2442 879 2517 fracta
896 2443 1007 2517 malis.

215 2544 380 2616 Mortalis
397 2545 479 2617 vitae
496 2561 673 2640 pertaesus,
691 2548 728 2617 δι
745 2545 873 2617 aethera
891 2546 1070 2630 scandens,

261 2644 390 2716 Evolat
407 2645 451 2716 ad
469 2671 610 2742 superas
626 2644 753 2743 inclyta
770 2644 921 2717 Gemma
939 2645 1076 2716 domos.

214 2743 314 2842 Ergo
330 2744 445 2836 Juelle
462 2746 538 2817 vale
556 2747 663 2818 rutilo
680 2745 869 2841 preciosior
886 2769 983 2835 auro,

262 2845 422 2943 Angliaci
441 2870 552 2942 nuper
570 2843 703 2941 fulgida
721 2845 871 2916 Gemma
889 2845 964 2917 soli.

428 3086 553 3166 Aliud
585 3087 851 3195 Epitaphium
881 3087 923 3164 in
955 3086 1139 3165 eundem.

213 3247 373 3332 Buccina,
392 3247 526 3335 Pastor,
545 3246 678 3347 Eques,
697 3247 825 3333 sonuit,
844 3248 949 3344 pavit,
967 3248 1155 3344 superavit,

262 3344 455 3434 Christum,
472 3347 622 3446 Anglos,
640 3347 783 3444 Papam,
801 3371 899 3433 voce,
916 3346 1045 3433 labore,
1064 3372 1186 3420 manu.

637 3579 729 3660 The
758 3579 941 3688 English.

216 3742 250 3812 A
260 3741 449 3856 Trumpet,
465 3741 677 3839 Shephoerd,
690 3741 838 3857 Knight,
850 3741 911 3857 difl
923 3742 1052 3829 sound,
1064 3737 1155 3829 feed,
1168 3768 1367 3830 overcome,

266 3841 396 3927 Christ,
414 3839 591 3941 England,
609 3841 719 3939 Pope,
738 3842 821 3914 wrth
841 3867 950 3929 vorce,
968 3841 1105 3930 labour,
1124 3843 1233 3917 hand.
