<?xml version="1.0" encoding="UTF-8"?>
<!DOCTYPE html PUBLIC "-//W3C//DTD XHTML 1.0 Transitional//EN"
    "http://www.w3.org/TR/xhtml1/DTD/xhtml1-transitional.dtd">
<html xmlns="http://www.w3.org/1999/xhtml" xml:lang="en" lang="en">
 <head>
  <title>
</title>
<meta http-equiv="Content-Type" content="text/html;charset=utf-8" />
  <meta name='ocr-system' content='tesseract 3.04.00' />
  <meta name='ocr-capabilities' content='ocr_page ocr_carea ocr_par ocr_line ocrx_word'/>
</head>
<body>
  <div class='ocr_page' id='page_1' title='image "./posthumafragmen00corygoog_0405.png"; bbox 0 0 3054 5046; ppageno 0'>
   <div class='ocr_carea' id='block_1_1' title="bbox 533 299 1326 381">
    <p class='ocr_par' dir='ltr' id='par_1_1' title="bbox 533 299 1326 381">
     <span class='ocr_line' id='line_1_1' title="bbox 533 299 1326 381; baseline -0.001 -1"><span class='ocrx_word' id='word_1_1' title='bbox 533 301 771 381; x_wconf 83' lang='lat' dir='ltr'>GEORGE</span> <span class='ocrx_word' id='word_1_2' title='bbox 808 300 1082 380; x_wconf 85' lang='lat' dir='ltr'>CORYAT’S</span> <span class='ocrx_word' id='word_1_3' title='bbox 1120 299 1326 381; x_wconf 83' lang='lat' dir='ltr'>POEMS</span> 
     </span>
    </p>
   </div>
   <div class='ocr_carea' id='block_1_2' title="bbox 347 603 1519 912">
    <p class='ocr_par' dir='ltr' id='par_1_2' title="bbox 347 603 1519 912">
     <span class='ocr_line' id='line_1_2' title="bbox 347 603 1519 715; baseline 0 -28"><span class='ocrx_word' id='word_1_4' title='bbox 347 606 587 688; x_wconf 84' lang='lat' dir='ltr'>Exhortatio</span> <span class='ocrx_word' id='word_1_5' title='bbox 635 603 684 685; x_wconf 92' lang='lat' dir='ltr'>ad</span> <span class='ocrx_word' id='word_1_6' title='bbox 733 604 1031 685; x_wconf 83' lang='lat' dir='ltr'>Serenissimam</span> <span class='ocrx_word' id='word_1_7' title='bbox 1078 604 1238 714; x_wconf 86' lang='lat' dir='ltr'>Angliae</span> <span class='ocrx_word' id='word_1_8' title='bbox 1294 606 1519 715; x_wconf 87' lang='lat' dir='ltr'>Reginam,</span> 
     </span>
     <span class='ocr_line' id='line_1_3' title="bbox 432 716 1518 912; baseline 0.001 -114"><span class='ocrx_word' id='word_1_9' title='bbox 432 720 653 912; x_wconf 56' lang='lat' dir='ltr'>thoprppppn</span> <span class='ocrx_word' id='word_1_10' title='bbox 685 716 975 818; x_wconf 86' lang='lat' dir='ltr'>Elizabetham,</span> <span class='ocrx_word' id='word_1_11' title='bbox 1008 736 1119 798; x_wconf 83' lang='lat' dir='ltr'>sexto</span> <span class='ocrx_word' id='word_1_12' title='bbox 1148 719 1209 798; x_wconf 88' lang='lat' dir='ltr'>sui</span> <span class='ocrx_word' id='word_1_13' title='bbox 1240 720 1370 827; x_wconf 89' lang='lat' dir='ltr'>regni</span> <span class='ocrx_word' id='word_1_14' title='bbox 1404 746 1518 816; x_wconf 87' lang='lat' dir='ltr'>anno,</span> 
     </span>
    </p>
   </div>
   <div class='ocr_carea' id='block_1_3' title="bbox 397 990 1436 2798">
    <p class='ocr_par' dir='ltr' id='par_1_3' title="bbox 397 990 1436 2798">
     <span class='ocr_line' id='line_1_4' title="bbox 532 990 1255 1092; baseline -0.001 -27"><span class='ocrx_word' id='word_1_15' title='bbox 532 994 611 1092; x_wconf 88' lang='lat' dir='ltr'>irgo</span> <span class='ocrx_word' id='word_1_16' title='bbox 628 992 666 1065; x_wconf 85' lang='lat'><strong>&amp;</strong></span> <span class='ocrx_word' id='word_1_17' title='bbox 683 992 861 1090; x_wconf 75' lang='lat' dir='ltr'>Princeps,</span> <span class='ocrx_word' id='word_1_18' title='bbox 878 992 901 1065; x_wconf 84' lang='grc' dir='ltr'><strong><em>ὂ</em></strong></span> <span class='ocrx_word' id='word_1_19' title='bbox 920 992 1030 1092; x_wconf 83' lang='lat' dir='ltr'>Regis</span> <span class='ocrx_word' id='word_1_20' title='bbox 1046 990 1127 1083; x_wconf 78' lang='lat' dir='ltr'>filia,</span> <span class='ocrx_word' id='word_1_21' title='bbox 1145 990 1255 1092; x_wconf 81' lang='lat' dir='ltr'>Regis</span> 
     </span>
     <span class='ocr_line' id='line_1_5' title="bbox 535 1091 1269 1192; baseline -0.003 -25"><span class='ocrx_word' id='word_1_22' title='bbox 535 1092 586 1167; x_wconf 93' lang='lat' dir='ltr'>Et</span> <span class='ocrx_word' id='word_1_23' title='bbox 601 1118 713 1180; x_wconf 72' lang='lat' dir='ltr'>soror,</span> <span class='ocrx_word' id='word_1_24' title='bbox 730 1093 753 1166; x_wconf 84' lang='grc' dir='ltr'><strong>ὀ</strong></span> <span class='ocrx_word' id='word_1_25' title='bbox 771 1093 880 1192; x_wconf 77' lang='lat' dir='ltr'>Regia</span> <span class='ocrx_word' id='word_1_26' title='bbox 897 1091 1001 1166; x_wconf 85' lang='lat' dir='ltr'>Uxor</span> <span class='ocrx_word' id='word_1_27' title='bbox 1017 1107 1058 1166; x_wconf 92' lang='lat' dir='ltr'>ut</span> <span class='ocrx_word' id='word_1_28' title='bbox 1074 1116 1150 1165; x_wconf 77' lang='lat' dir='ltr'>ease</span> <span class='ocrx_word' id='word_1_29' title='bbox 1165 1092 1269 1166; x_wconf 80' lang='lat' dir='ltr'>velis.</span> 
     </span>
     <span class='ocr_line' id='line_1_6' title="bbox 397 1190 1355 1293; baseline 0 -25"><span class='ocrx_word' id='word_1_30' title='bbox 397 1194 454 1268; x_wconf 90' lang='lat' dir='ltr'>Te</span> <span class='ocrx_word' id='word_1_31' title='bbox 470 1209 531 1268; x_wconf 85' lang='lat' dir='ltr'>tua</span> <span class='ocrx_word' id='word_1_32' title='bbox 547 1190 672 1281; x_wconf 82' lang='lat' dir='ltr'>forma,</span> <span class='ocrx_word' id='word_1_33' title='bbox 690 1192 810 1284; x_wconf 85' lang='lat' dir='ltr'>decus,</span> <span class='ocrx_word' id='word_1_34' title='bbox 826 1193 951 1284; x_wconf 80' lang='lat' dir='ltr'>virtue,</span> <span class='ocrx_word' id='word_1_35' title='bbox 969 1193 1162 1292; x_wconf 78' lang='lat' dir='ltr'>pietasque,</span> <span class='ocrx_word' id='word_1_36' title='bbox 1179 1192 1355 1293; x_wconf 74' lang='lat' dir='ltr'>fidenque</span> 
     </span>
     <span class='ocr_line' id='line_1_7' title="bbox 449 1292 1301 1394; baseline -0.001 -27"><span class='ocrx_word' id='word_1_37' title='bbox 449 1293 535 1371; x_wconf 89' lang='lat' dir='ltr'>Hoc</span> <span class='ocrx_word' id='word_1_38' title='bbox 552 1295 717 1394; x_wconf 77' lang='lat' dir='ltr'>rogitant,</span> <span class='ocrx_word' id='word_1_39' title='bbox 735 1293 855 1392; x_wconf 72' lang='lat' dir='ltr'>patrie</span> <span class='ocrx_word' id='word_1_40' title='bbox 872 1310 913 1367; x_wconf 93' lang='lat' dir='ltr'>ut</span> <span class='ocrx_word' id='word_1_41' title='bbox 930 1293 1123 1392; x_wconf 71' lang='lat' dir='ltr'>perpetiere</span> <span class='ocrx_word' id='word_1_42' title='bbox 1138 1292 1301 1367; x_wconf 73' lang='lat' dir='ltr'>Patrem.</span> 
     </span>
     <span class='ocr_line' id='line_1_8' title="bbox 398 1392 1191 1493; baseline -0.003 -24"><span class='ocrx_word' id='word_1_43' title='bbox 398 1394 451 1469; x_wconf 89' lang='lat' dir='ltr'>Sic</span> <span class='ocrx_word' id='word_1_44' title='bbox 468 1394 532 1469; x_wconf 91' lang='lat' dir='ltr'>tibi</span> <span class='ocrx_word' id='word_1_45' title='bbox 549 1395 599 1467; x_wconf 79' lang='lat' dir='ltr'>sic</span> <span class='ocrx_word' id='word_1_46' title='bbox 616 1394 758 1492; x_wconf 81' lang='lat' dir='ltr'>poteris,</span> <span class='ocrx_word' id='word_1_47' title='bbox 777 1394 897 1493; x_wconf 70' lang='lat' dir='ltr'>patrie</span> <span class='ocrx_word' id='word_1_48' title='bbox 912 1394 962 1467; x_wconf 80' lang='lat' dir='ltr'>aic</span> <span class='ocrx_word' id='word_1_49' title='bbox 979 1392 1075 1467; x_wconf 79' lang='lat' dir='ltr'>utilia</span> <span class='ocrx_word' id='word_1_50' title='bbox 1091 1417 1191 1467; x_wconf 69' lang='lat' dir='ltr'>eme:</span> 
     </span>
     <span class='ocr_line' id='line_1_9' title="bbox 448 1493 1195 1595; baseline -0.004 -26"><span class='ocrx_word' id='word_1_51' title='bbox 448 1493 620 1595; x_wconf 71' lang='lat' dir='ltr'>Angelice</span> <span class='ocrx_word' id='word_1_52' title='bbox 636 1495 672 1567; x_wconf 91' lang='lat' dir='ltr'>in</span> <span class='ocrx_word' id='word_1_53' title='bbox 690 1495 789 1568; x_wconf 80' lang='lat' dir='ltr'>terris</span> <span class='ocrx_word' id='word_1_54' title='bbox 805 1495 923 1568; x_wconf 84' lang='lat' dir='ltr'>vivere</span> <span class='ocrx_word' id='word_1_55' title='bbox 940 1518 1043 1593; x_wconf 80' lang='lat' dir='ltr'>posse</span> <span class='ocrx_word' id='word_1_56' title='bbox 1059 1509 1195 1594; x_wconf 88' lang='lat' dir='ltr'>rogant.</span> 
     </span>
     <span class='ocr_line' id='line_1_10' title="bbox 398 1593 1169 1693; baseline -0.003 -24"><span class='ocrx_word' id='word_1_57' title='bbox 398 1594 458 1669; x_wconf 89' lang='lat' dir='ltr'>En</span> <span class='ocrx_word' id='word_1_58' title='bbox 476 1595 537 1669; x_wconf 91' lang='lat' dir='ltr'>tibi</span> <span class='ocrx_word' id='word_1_59' title='bbox 554 1596 604 1668; x_wconf 85' lang='lat' dir='ltr'>sic</span> <span class='ocrx_word' id='word_1_60' title='bbox 620 1596 763 1693; x_wconf 82' lang='lat' dir='ltr'>poteris,</span> <span class='ocrx_word' id='word_1_61' title='bbox 781 1595 901 1693; x_wconf 75' lang='lat' dir='ltr'>patrie</span> <span class='ocrx_word' id='word_1_62' title='bbox 918 1593 966 1668; x_wconf 78' lang='lat' dir='ltr'>sic</span> <span class='ocrx_word' id='word_1_63' title='bbox 982 1593 1077 1667; x_wconf 76' lang='lat' dir='ltr'>utilia</span> <span class='ocrx_word' id='word_1_64' title='bbox 1094 1618 1169 1667; x_wconf 81' lang='lat' dir='ltr'>esse</span> 
     </span>
     <span class='ocr_line' id='line_1_11' title="bbox 449 1693 1241 1794; baseline -0.001 -25"><span class='ocrx_word' id='word_1_65' title='bbox 449 1695 535 1769; x_wconf 93' lang='lat' dir='ltr'>Non</span> <span class='ocrx_word' id='word_1_66' title='bbox 553 1696 683 1794; x_wconf 82' lang='lat' dir='ltr'>poteria</span> <span class='ocrx_word' id='word_1_67' title='bbox 697 1722 707 1768; x_wconf 80' lang='lat' dir='ltr'>t</span> <span class='ocrx_word' id='word_1_68' title='bbox 720 1781 721 1784; x_wconf 8' lang='grc' dir='ltr'><strong>Ἴ</strong></span> <span class='ocrx_word' id='word_1_69' title='bbox 734 1697 879 1793; x_wconf 78' lang='lat' dir='ltr'>patriam</span> <span class='ocrx_word' id='word_1_70' title='bbox 896 1693 997 1794; x_wconf 88' lang='lat' dir='ltr'>prole</span> <span class='ocrx_word' id='word_1_71' title='bbox 1013 1694 1112 1769; x_wconf 75' lang='lat' dir='ltr'>beare</span> <span class='ocrx_word' id='word_1_72' title='bbox 1128 1709 1241 1793; x_wconf 84' lang='lat' dir='ltr'>potes.</span> 
     </span>
     <span class='ocr_line' id='line_1_12' title="bbox 400 1794 1372 1912; baseline 0.002 -43"><span class='ocrx_word' id='word_1_73' title='bbox 400 1798 435 1869; x_wconf 91' lang='lat' dir='ltr'>Si</span> <span class='ocrx_word' id='word_1_74' title='bbox 461 1812 573 1894; x_wconf 77' lang='lat' dir='ltr'>poter,</span> <span class='ocrx_word' id='word_1_75' title='bbox 591 1820 677 1912; x_wconf 83' lang='lat' dir='ltr'>ergo</span> <span class='ocrx_word' id='word_1_76' title='bbox 692 1794 807 1870; x_wconf 82' lang='lat' dir='ltr'>velis:</span> <span class='ocrx_word' id='word_1_77' title='bbox 834 1794 1002 1895; x_wconf 88' lang='lat' dir='ltr'>Regalem</span> <span class='ocrx_word' id='word_1_78' title='bbox 1020 1794 1152 1868; x_wconf 84' lang='lat' dir='ltr'>sumito</span> <span class='ocrx_word' id='word_1_79' title='bbox 1169 1820 1372 1893; x_wconf 82' lang='lat' dir='ltr'>sponsum,</span> 
     </span>
     <span class='ocr_line' id='line_1_13' title="bbox 450 1894 1188 1995; baseline -0.003 -25"><span class='ocrx_word' id='word_1_80' title='bbox 450 1897 504 1970; x_wconf 91' lang='lat' dir='ltr'>Sic</span> <span class='ocrx_word' id='word_1_81' title='bbox 522 1897 598 1984; x_wconf 91' lang='lat' dir='ltr'>tibi,</span> <span class='ocrx_word' id='word_1_82' title='bbox 616 1921 665 1969; x_wconf 82' lang='lat' dir='ltr'>src</span> <span class='ocrx_word' id='word_1_83' title='bbox 682 1897 800 1995; x_wconf 80' lang='lat' dir='ltr'>patriae</span> <span class='ocrx_word' id='word_1_84' title='bbox 817 1894 961 1969; x_wconf 84' lang='lat' dir='ltr'>consule</span> <span class='ocrx_word' id='word_1_85' title='bbox 978 1895 1092 1994; x_wconf 86' lang='lat' dir='ltr'>Virgo</span> <span class='ocrx_word' id='word_1_86' title='bbox 1108 1910 1188 1968; x_wconf 77' lang='lat' dir='ltr'>tuae.</span> 
     </span>
     <span class='ocr_line' id='line_1_14' title="bbox 400 1994 1436 2096; baseline 0.001 -26"><span class='ocrx_word' id='word_1_87' title='bbox 400 1995 459 2070; x_wconf 88' lang='lat' dir='ltr'>En</span> <span class='ocrx_word' id='word_1_88' title='bbox 477 1997 633 2070; x_wconf 84' lang='lat' dir='ltr'>Daemon</span> <span class='ocrx_word' id='word_1_89' title='bbox 650 1997 786 2096; x_wconf 75' lang='lat' dir='ltr'>satagit,</span> <span class='ocrx_word' id='word_1_90' title='bbox 803 1994 961 2071; x_wconf 77' lang='lat' dir='ltr'>stimulat</span> <span class='ocrx_word' id='word_1_91' title='bbox 978 1995 1082 2083; x_wconf 80' lang='lat' dir='ltr'>Caro,</span> <span class='ocrx_word' id='word_1_92' title='bbox 1101 1994 1275 2069; x_wconf 83' lang='lat' dir='ltr'>Mundus</span> <span class='ocrx_word' id='word_1_93' title='bbox 1294 1997 1436 2088; x_wconf 85' lang='lat' dir='ltr'>adurit,</span> 
     </span>
     <span class='ocr_line' id='line_1_15' title="bbox 451 2094 1137 2196; baseline 0 -26"><span class='ocrx_word' id='word_1_94' title='bbox 451 2095 531 2170; x_wconf 86' lang='lat' dir='ltr'>Sola</span> <span class='ocrx_word' id='word_1_95' title='bbox 547 2111 650 2195; x_wconf 85' lang='lat' dir='ltr'>potes</span> <span class='ocrx_word' id='word_1_96' title='bbox 667 2097 773 2171; x_wconf 85' lang='lat' dir='ltr'>tantis</span> <span class='ocrx_word' id='word_1_97' title='bbox 789 2094 992 2196; x_wconf 81' lang='lat' dir='ltr'>belligerare</span> <span class='ocrx_word' id='word_1_98' title='bbox 1009 2094 1137 2171; x_wconf 85' lang='lat' dir='ltr'>malis?</span> 
     </span>
     <span class='ocr_line' id='line_1_16' title="bbox 400 2197 1371 2296; baseline 0.003 -26"><span class='ocrx_word' id='word_1_99' title='bbox 400 2197 436 2270; x_wconf 91' lang='lat' dir='ltr'>Si</span> <span class='ocrx_word' id='word_1_100' title='bbox 453 2198 563 2271; x_wconf 90' lang='lat' dir='ltr'>modo</span> <span class='ocrx_word' id='word_1_101' title='bbox 581 2197 654 2271; x_wconf 74' lang='lat' dir='ltr'>sole</span> <span class='ocrx_word' id='word_1_102' title='bbox 670 2213 783 2296; x_wconf 84' lang='lat' dir='ltr'>potes,</span> <span class='ocrx_word' id='word_1_103' title='bbox 799 2213 951 2270; x_wconf 75' lang='lat' dir='ltr'>vestram</span> <span class='ocrx_word' id='word_1_104' title='bbox 970 2197 1032 2271; x_wconf 80' lang='lat' dir='ltr'>sed</span> <span class='ocrx_word' id='word_1_105' title='bbox 1048 2197 1179 2295; x_wconf 81' lang='lat' dir='ltr'>respice</span> <span class='ocrx_word' id='word_1_106' title='bbox 1195 2212 1371 2296; x_wconf 80' lang='lat' dir='ltr'>gentem.</span> 
     </span>
     <span class='ocr_line' id='line_1_17' title="bbox 451 2296 1270 2414; baseline 0 -44"><span class='ocrx_word' id='word_1_107' title='bbox 451 2297 509 2371; x_wconf 89' lang='lat' dir='ltr'>Ne</span> <span class='ocrx_word' id='word_1_108' title='bbox 527 2299 693 2371; x_wconf 88' lang='lat' dir='ltr'>miserum</span> <span class='ocrx_word' id='word_1_109' title='bbox 710 2297 849 2372; x_wconf 79' lang='lat' dir='ltr'>Satanas</span> <span class='ocrx_word' id='word_1_110' title='bbox 865 2296 1016 2371; x_wconf 86' lang='lat' dir='ltr'>devoret</span> <span class='ocrx_word' id='word_1_111' title='bbox 1030 2322 1093 2371; x_wconf 90' lang='lat' dir='ltr'>ore</span> <span class='ocrx_word' id='word_1_112' title='bbox 1108 2321 1270 2414; x_wconf 82' lang='lat' dir='ltr'>gregem.</span> 
     </span>
     <span class='ocr_line' id='line_1_18' title="bbox 401 2398 1419 2499; baseline 0.005 -29"><span class='ocrx_word' id='word_1_113' title='bbox 401 2399 459 2471; x_wconf 88' lang='lat' dir='ltr'>Da</span> <span class='ocrx_word' id='word_1_114' title='bbox 476 2399 565 2472; x_wconf 79' lang='lat' dir='ltr'>deut</span> <span class='ocrx_word' id='word_1_115' title='bbox 581 2399 669 2471; x_wconf 90' lang='lat' dir='ltr'>hanc</span> <span class='ocrx_word' id='word_1_116' title='bbox 687 2413 855 2487; x_wconf 82' lang='lat' dir='ltr'>mentem,</span> <span class='ocrx_word' id='word_1_117' title='bbox 872 2398 918 2472; x_wconf 85' lang='lat' dir='ltr'>da</span> <span class='ocrx_word' id='word_1_118' title='bbox 936 2414 1054 2472; x_wconf 83' lang='lat' dir='ltr'>nostra</span> <span class='ocrx_word' id='word_1_119' title='bbox 1070 2398 1230 2495; x_wconf 86' lang='lat' dir='ltr'>Pnncrpe</span> <span class='ocrx_word' id='word_1_120' title='bbox 1246 2399 1419 2499; x_wconf 88' lang='lat' dir='ltr'>dignum</span> 
     </span>
     <span class='ocr_line' id='line_1_19' title="bbox 450 2497 1285 2599; baseline 0 -27"><span class='ocrx_word' id='word_1_121' title='bbox 450 2498 500 2572; x_wconf 89' lang='lat' dir='ltr'>Et</span> <span class='ocrx_word' id='word_1_122' title='bbox 517 2524 636 2598; x_wconf 88' lang='lat' dir='ltr'>regem</span> <span class='ocrx_word' id='word_1_123' title='bbox 654 2515 689 2572; x_wconf 90' lang='lat' dir='ltr'>et</span> <span class='ocrx_word' id='word_1_124' title='bbox 705 2497 869 2572; x_wconf 79' lang='lat' dir='ltr'>Prolemt</span> <span class='ocrx_word' id='word_1_125' title='bbox 896 2513 1019 2571; x_wconf 87' lang='lat' dir='ltr'>caetera</span> <span class='ocrx_word' id='word_1_126' title='bbox 1030 2497 1104 2599; x_wconf 87' lang='lat' dir='ltr'>jam</span> <span class='ocrx_word' id='word_1_127' title='bbox 1121 2497 1285 2573; x_wconf 79' lang='lat' dir='ltr'>dederas.</span> 
     </span>
     <span class='ocr_line' id='line_1_20' title="bbox 400 2599 1287 2698; baseline -0.003 -25"><span class='ocrx_word' id='word_1_128' title='bbox 400 2599 462 2673; x_wconf 87' lang='lat' dir='ltr'>Tu</span> <span class='ocrx_word' id='word_1_129' title='bbox 489 2625 534 2672; x_wconf 89' lang='lat' dir='ltr'>ue</span> <span class='ocrx_word' id='word_1_130' title='bbox 551 2600 602 2671; x_wconf 93' lang='lat' dir='ltr'>tui</span> <span class='ocrx_word' id='word_1_131' title='bbox 619 2599 786 2696; x_wconf 84' lang='lat' dir='ltr'>Princeps</span> <span class='ocrx_word' id='word_1_132' title='bbox 803 2599 959 2698; x_wconf 89' lang='lat' dir='ltr'>regimen</span> <span class='ocrx_word' id='word_1_133' title='bbox 977 2599 1024 2670; x_wconf 86' lang='lat' dir='ltr'>sic</span> <span class='ocrx_word' id='word_1_134' title='bbox 1041 2599 1150 2697; x_wconf 89' lang='lat' dir='ltr'>dirige</span> <span class='ocrx_word' id='word_1_135' title='bbox 1167 2599 1287 2697; x_wconf 86' lang='lat' dir='ltr'>regni,</span> 
     </span>
     <span class='ocr_line' id='line_1_21' title="bbox 449 2626 1237 2798; baseline 0 -27"><span class='ocrx_word' id='word_1_136' title='bbox 449 2626 506 2773; x_wconf 54' lang='lat' dir='ltr'>[it</span> <span class='ocrx_word' id='word_1_137' title='bbox 522 2715 602 2797; x_wconf 83' lang='lat' dir='ltr'>post</span> <span class='ocrx_word' id='word_1_138' title='bbox 620 2700 686 2772; x_wconf 90' lang='lat' dir='ltr'>hoc</span> <span class='ocrx_word' id='word_1_139' title='bbox 704 2723 854 2798; x_wconf 90' lang='lat' dir='ltr'>regnum</span> <span class='ocrx_word' id='word_1_140' title='bbox 871 2698 987 2771; x_wconf 86' lang='lat' dir='ltr'>coelica</span> <span class='ocrx_word' id='word_1_141' title='bbox 1005 2723 1110 2798; x_wconf 88' lang='lat' dir='ltr'>regna</span> <span class='ocrx_word' id='word_1_142' title='bbox 1127 2713 1237 2796; x_wconf 82' lang='lat' dir='ltr'>petas.</span> 
     </span>
    </p>
   </div>
   <div class='ocr_carea' id='block_1_4' title="bbox 701 2984 1162 3094">
    <p class='ocr_par' dir='ltr' id='par_1_4' title="bbox 701 2984 1162 3094">
     <span class='ocr_line' id='line_1_22' title="bbox 701 2984 1162 3094; baseline -0.007 -28"><span class='ocrx_word' id='word_1_143' title='bbox 701 2986 747 3066; x_wconf 93' lang='lat' dir='ltr'>In</span> <span class='ocrx_word' id='word_1_144' title='bbox 777 2984 953 3094; x_wconf 85' lang='lat' dir='ltr'>effigiem</span> <span class='ocrx_word' id='word_1_145' title='bbox 986 2986 1162 3093; x_wconf 79' lang='lat' dir='ltr'>Reginae.</span> 
     </span>
    </p>
   </div>
   <div class='ocr_carea' id='block_1_5' title="bbox 469 3144 1403 3347">
    <p class='ocr_par' dir='ltr' id='par_1_5' title="bbox 469 3144 1403 3347">
     <span class='ocr_line' id='line_1_23' title="bbox 469 3144 1403 3245; baseline 0.003 -23"><span class='ocrx_word' id='word_1_146' title='bbox 469 3149 578 3239; x_wconf 85' lang='lat' dir='ltr'>Allas,</span> <span class='ocrx_word' id='word_1_147' title='bbox 594 3148 702 3241; x_wconf 89' lang='lat' dir='ltr'>Juno,</span> <span class='ocrx_word' id='word_1_148' title='bbox 720 3149 856 3239; x_wconf 85' lang='lat' dir='ltr'>Venus,</span> <span class='ocrx_word' id='word_1_149' title='bbox 873 3148 1008 3245; x_wconf 72' lang='lat' dir='ltr'>sophii,</span> <span class='ocrx_word' id='word_1_150' title='bbox 1026 3147 1236 3234; x_wconf 85' lang='lat' dir='ltr'>diademate,</span> <span class='ocrx_word' id='word_1_151' title='bbox 1256 3144 1403 3241; x_wconf 72' lang='lat' dir='ltr'>forma,</span> 
     </span>
     <span class='ocr_line' id='line_1_24' title="bbox 519 3247 1324 3347; baseline 0.002 -25"><span class='ocrx_word' id='word_1_152' title='bbox 519 3248 648 3336; x_wconf 83' lang='lat' dir='ltr'>Corda,</span> <span class='ocrx_word' id='word_1_153' title='bbox 666 3265 779 3347; x_wconf 90' lang='lat' dir='ltr'>caput,</span> <span class='ocrx_word' id='word_1_154' title='bbox 798 3247 932 3340; x_wconf 82' lang='lat' dir='ltr'>vultus,</span> <span class='ocrx_word' id='word_1_155' title='bbox 950 3248 1089 3334; x_wconf 88' lang='lat' dir='ltr'>imbuit,</span> <span class='ocrx_word' id='word_1_156' title='bbox 1106 3262 1221 3333; x_wconf 91' lang='lat' dir='ltr'>ornat,</span> <span class='ocrx_word' id='word_1_157' title='bbox 1240 3248 1324 3324; x_wconf 85' lang='lat' dir='ltr'>alit.</span> 
     </span>
    </p>
   </div>
   <div class='ocr_carea' id='block_1_6' title="bbox 774 3533 1079 3643">
    <p class='ocr_par' dir='ltr' id='par_1_6' title="bbox 774 3533 1079 3643">
     <span class='ocr_line' id='line_1_25' title="bbox 774 3533 1079 3643; baseline 0 -29"><span class='ocrx_word' id='word_1_158' title='bbox 774 3534 866 3614; x_wconf 86' lang='lat' dir='ltr'>The</span> <span class='ocrx_word' id='word_1_159' title='bbox 896 3533 1079 3643; x_wconf 86' lang='lat' dir='ltr'>English.</span> 
     </span>
    </p>
   </div>
   <div class='ocr_carea' id='block_1_7' title="bbox 496 3694 1312 4071">
    <p class='ocr_par' dir='ltr' id='par_1_7' title="bbox 497 3694 1222 3895">
     <span class='ocr_line' id='line_1_26' title="bbox 497 3694 1222 3789; baseline -0.003 -19"><span class='ocrx_word' id='word_1_160' title='bbox 497 3696 620 3784; x_wconf 79' lang='lat' dir='ltr'>Pallae,</span> <span class='ocrx_word' id='word_1_161' title='bbox 637 3696 745 3789; x_wconf 90' lang='lat' dir='ltr'>Juno‚</span> <span class='ocrx_word' id='word_1_162' title='bbox 764 3697 899 3787; x_wconf 87' lang='lat' dir='ltr'>Venus,</span> <span class='ocrx_word' id='word_1_163' title='bbox 915 3696 999 3768; x_wconf 89' lang='lat' dir='ltr'>with</span> <span class='ocrx_word' id='word_1_164' title='bbox 1018 3694 1222 3783; x_wconf 85' lang='lat' dir='ltr'>wisedome,</span> 
     </span>
     <span class='ocr_line' id='line_1_27' title="bbox 498 3795 1025 3895; baseline -0.004 -25"><span class='ocrx_word' id='word_1_165' title='bbox 498 3797 660 3888; x_wconf 87' lang='lat' dir='ltr'>Crowne‚</span> <span class='ocrx_word' id='word_1_166' title='bbox 678 3796 747 3869; x_wconf 90' lang='lat' dir='ltr'>and</span> <span class='ocrx_word' id='word_1_167' title='bbox 764 3795 901 3895; x_wconf 88' lang='lat' dir='ltr'>comely</span> <span class='ocrx_word' id='word_1_168' title='bbox 917 3797 1025 3882; x_wconf 87' lang='lat' dir='ltr'>hewe,</span> 
     </span>
    </p>

    <p class='ocr_par' dir='ltr' id='par_1_8' title="bbox 496 3893 1312 4071">
     <span class='ocr_line' id='line_1_28' title="bbox 496 3893 1312 3997; baseline 0.002 -27"><span class='ocrx_word' id='word_1_169' title='bbox 496 3897 581 3997; x_wconf 88' lang='lat' dir='ltr'>Thy</span> <span class='ocrx_word' id='word_1_170' title='bbox 598 3899 706 3983; x_wconf 81' lang='lat' dir='ltr'>beart,</span> <span class='ocrx_word' id='word_1_171' title='bbox 725 3896 826 3988; x_wconf 84' lang='lat' dir='ltr'>head,</span> <span class='ocrx_word' id='word_1_172' title='bbox 844 3893 928 3984; x_wconf 85' lang='lat' dir='ltr'>face,</span> <span class='ocrx_word' id='word_1_173' title='bbox 947 3896 1116 3983; x_wconf 82' lang='lat' dir='ltr'>endewes,</span> <span class='ocrx_word' id='word_1_174' title='bbox 1134 3894 1312 3989; x_wconf 71' lang='lat' dir='ltr'>adornes,</span> 
     </span>
     <span class='ocr_line' id='line_1_29' title="bbox 496 3996 1102 4071; baseline -0.005 0"><span class='ocrx_word' id='word_1_175' title='bbox 496 3999 584 4071; x_wconf 91' lang='lat' dir='ltr'>And</span> <span class='ocrx_word' id='word_1_176' title='bbox 601 3998 729 4071; x_wconf 78' lang='lat' dir='ltr'>deckee</span> <span class='ocrx_word' id='word_1_177' title='bbox 746 4013 841 4071; x_wconf 86' lang='lat' dir='ltr'>most</span> <span class='ocrx_word' id='word_1_178' title='bbox 858 3996 928 4069; x_wconf 93' lang='lat' dir='ltr'>fine</span> <span class='ocrx_word' id='word_1_179' title='bbox 945 4011 984 4069; x_wconf 90' lang='lat' dir='ltr'>to</span> <span class='ocrx_word' id='word_1_180' title='bbox 1000 3997 1102 4070; x_wconf 85' lang='lat' dir='ltr'>view.</span> 
     </span>
    </p>
   </div>
   <div class='ocr_carea' id='block_1_8' title="bbox 898 4302 955 4378">
    <p class='ocr_par' dir='ltr' id='par_1_9' title="bbox 898 4302 955 4378">
     <span class='ocr_line' id='line_1_30' title="bbox 898 4302 955 4378; baseline 0 -17"><span class='ocrx_word' id='word_1_181' title='bbox 898 4302 955 4378; x_wconf 78' lang='lat'>382</span> 
     </span>
    </p>
   </div>
   <div class='ocr_carea' id='block_1_9' title="bbox 0 0 1546 5046">
    <p class='ocr_par' dir='ltr' id='par_1_10' title="bbox 0 0 1546 5046">
     <span class='ocr_line' id='line_1_31' title="bbox 0 0 1546 5046; baseline 0 0"><span class='ocrx_word' id='word_1_182' title='bbox 0 0 1546 5046; x_wconf 95' lang='lat' dir='ltr'> </span> 
     </span>
    </p>
   </div>
  </div>
 </body>
</html>
