958 1433
231 170 350 189 GEORGE
368 170 506 189 CORYAT’S
525 170 621 189 POEMS

139 217 234 244 Ejusdem
251 217 346 236 Carmina
362 217 386 236 ad
401 217 543 237 illustrissimos
560 217 680 237 Oxoniensis
696 217 716 236 ὄι

182 245 349 272 Cantabrigiensis
381 245 495 264 Academiae
526 245 658 264 Cancellarios
689 245 715 264 D.

182 273 295 293 Robertum
313 273 424 293 Dudleium
442 273 546 293 Comitem
561 273 716 293 Leicestrensem

182 303 202 321 ὄι
215 302 242 321 D.
256 301 381 321 Gulielmum
396 301 496 321 cecilium
511 301 624 321 Dominum
638 301 717 328 Burgh-

182 330 250 353 leium,
277 329 408 356 pronunciata
435 329 455 349 in
481 336 555 356 magna
582 330 635 349 Aula
661 329 716 350 Novi

183 358 268 384 Collegii
283 357 410 381 Oxoniensis,
426 356 572 377 Astronornice.

192 393 277 436 SYdera
286 393 316 418 qui
325 393 393 415 lustrat,
402 393 434 418 qui
443 393 521 417 spherica
529 399 602 418 corpora
610 394 671 417 cernit,

244 418 264 436 In
274 425 294 442 sp
296 419 342 436 haera
349 418 430 443 geminos
438 418 495 436 cernit
503 418 517 436 is
525 424 563 436 ease
571 418 631 437 Polos,

191 444 273 461 Arcticus
281 447 307 461 est
315 443 364 466 alter,
373 443 427 461 Polus
436 447 462 461 est
469 443 574 461 anm-etim
582 443 631 466 alter,

217 469 260 486 Hoc
269 468 372 493 splendente
379 468 425 486 Polo
433 474 470 486 non
479 468 532 486 mione
540 468 569 486 ille
577 468 638 487 Polus.

193 494 233 511 Nos
241 497 300 511 tamen
309 494 336 511 hic
368 500 425 511 minos
433 493 491 511 lucere
499 493 594 511 videmus'
589 500 608 511 m
616 494 661 512 urbe

218 519 259 536 Hac
268 522 327 536 nostra
335 500 390 536 εἵως
398 518 532 543 stelligerosque
539 518 598 537 Polus.

192 544 221 561 En
230 544 284 561 micat
292 543 358 561 Oxonii
367 543 422 561 Polus
430 543 508 567 inclytus
516 543 628 566 Oxoniensis,

218 568 307 587 Dudleius
316 568 371 586 nostri
380 568 417 586 dux
430 575 453 586 ue
461 569 551 593 decusque
559 568 605 587 Poli.

194 593 251 611 Lucet
259 594 277 611 ἃ
287 594 318 611 hac
326 597 386 611 nostra
395 593 421 611 Po
418 575 450 611 tius
458 593 502 611 alter
511 594 528 611 in
538 593 582 612 urbe
590 593 672 617 Cecillus,

219 618 246 636 Ut
255 618 315 637 vidus
323 618 405 643 geminos
410 618 448 642 jam
457 618 510 636 simul
518 625 556 637 esse
564 619 624 637 Polus.

194 643 225 662 Ille
233 643 288 661 Polus
297 647 356 661 noster
365 643 465 661 studiorum
475 643 547 661 stellifer
555 644 610 665 Atlas,

220 669 256 686 Hic
266 668 372 693 Cantabrigii
380 668 436 686 lucida
445 668 495 686 stella
503 668 548 686 Pali.

194 693 249 717 Quod
258 693 311 711 simul
320 694 364 711 hanc
373 697 451 712 nostram
457 693 515 722 juncti
524 694 596 711 venistis
604 694 626 712 ad
635 694 702 717 urbem,

220 718 277 738 Qubd
285 718 339 736 simul
347 725 394 736 unus
402 719 460 736 honor
465 718 526 747 junxit
535 722 620 744 utrosque
629 719 688 742 Polus,

195 744 274 772 Accipite
282 744 318 761 hac
327 743 379 761 simili
388 743 440 761 simul
449 744 461 761 ὁ
469 743 533 767 pietate
541 743 619 767 Patroni,

220 768 278 786 Vivite
287 768 353 786 foelices
361 772 414 793 neque
422 768 479 787 valete
488 768 532 786 Poli.

147 811 261 831 Clarissimo
283 811 302 831 δε
325 811 478 830 honoratissimo
499 811 549 830 Viro
572 811 598 831 D.
620 812 723 831 Gulielmo

189 839 265 859 Cecillo
288 839 360 858 Baroni
383 838 499 866 Eurghloeo,
521 839 596 859 ordinis
618 839 724 860 Perimele-

190 867 219 887 dis
241 867 312 894 Equiti
334 872 409 891 aurato,
429 867 513 887 Summo
535 867 614 894 Angliae
635 868 724 888 Thesau-

190 896 227 919 rio,
247 895 316 922 Regiae
340 894 379 915 M¹⁴L
402 894 413 914 a
436 895 566 915 sanctioribus
587 896 680 920 consiliis,
704 897 724 916 &

190 923 304 943 Academiae
321 923 489 950 cantabrigiensis
509 923 633 943 cancellario
650 924 725 951 dignis—

191 952 248 975 simo,
268 951 372 971 rheumate
393 951 490 970 laboranti
512 951 650 978 pharmacum,
672 952 725 973 unde

191 986 215 999 ex
230 979 301 999 morbo
317 979 424 999 convaluit.

206 1015 250 1034 Ulta
259 1015 295 1033 aliis
303 1015 337 1037 alii
347 1015 378 1033 tibi
387 1021 457 1039 semper
465 1015 558 1034 reddimus
566 1022 622 1034 unum

231 1040 313 1063 Carmen,
321 1044 339 1058 at
347 1044 373 1058 ent
382 1040 435 1058 docto
443 1044 493 1069 gnta
501 1040 570 1059 medela
577 1041 622 1059 viro.

150 1066 232 1084 Carmine
241 1065 266 1083 dii
276 1065 334 1089 superi
340 1065 433 1094 plamntur
441 1065 515 1083 crimine
523 1065 566 1089 loesi,

175 1090 251 1108 Cari-nen
260 1094 307 1108 amat
315 1090 393 1115 quisquis
401 1090 478 1108 armine
487 1090 540 1115 digna
548 1090 598 1116 gerit

151 1116 214 1133 Fertur
222 1115 344 1133 Alexandrum
354 1119 420 1140 peteret
429 1121 487 1140 quum
495 1116 576 1138 morbus,
585 1116 662 1135 Homeri

176 1140 289 1158 Carminibus
297 1140 346 1158 lectis
354 1140 463 1159 convaluisse
471 1140 513 1158 εἰτὸ.
