3022 5040
404 322 643 402 GEORGE
678 320 956 399 CORYA'P‘S
990 319 1194 397 POEMS

219 561 400 644 Praefatio
421 564 461 641 in
487 562 638 641 librum
664 561 928 655 Psalmorum,
949 559 971 638 h
993 561 1184 668 Georgio
1207 561 1355 670 Coryau

301 676 444 754 Latine
487 675 734 770 translatum,
779 673 828 754 ad
869 673 1176 752 serenissimam
1226 674 1353 780 Angla

303 788 504 895 Reginam
532 788 585 866 D.
615 785 898 866 Elizabetham
925 784 974 863 de
998 785 1121 864 variis
1150 786 1354 864 carminum

301 901 522 1008 generibus.

215 1143 340 1314 TU
359 1144 581 1259 Deus-atque
598 1143 649 1258 tui
667 1142 784 1258 divina
799 1143 956 1241 potentia
972 1139 1069 1257 uerbi
1177 1042 1305 1216 'lilith
1320 1043 1355 1112 ¹6.

353 1243 405 1317 Es
427 1245 525 1334 mrhu,
546 1242 686 1316 Christe
707 1259 823 1329 etiam,
846 1268 919 1315 non
942 1241 1030 1313 muhu
1048 1241 1149 1339 Papa
1177 1242 1235 1315 Es

215 1445 341 1517 Petrus
359 1344 580 1517 etaiecthar'isti
599 1445 735 1516 tannim
753 1442 952 1515 firmissima
968 1443 1085 1529 Petra,
1175 1442 1316 1531 Petrus

266 1545 316 1617 Et
341 1545 425 1616 mihi
452 1543 591 1616 Christe
617 1543 720 1616 Petra
752 1567 799 1629 es,
825 1544 864 1616 &
889 1542 977 1615 mihi
1003 1541 1147 1615 Christe
1175 1542 1230 1616 Et

214 1744 323 1842 Supra
359 1645 563 1841 d'eluhhper
598 1745 686 1816 hanc
723 1759 775 1815 sat
813 1744 879 1815 erit
918 1744 946 1815 si
982 1759 1146 1816 struxero
1176 1743 1291 1840 Supra

265 1845 515 2017 Hancpgffil
535 1943 725 2031 Dominus,
750 1942 866 2015 noluit
886 1967 961 2015 esse
981 1941 1097 2015 aliam.
1175 1941 1286 2016 Hanc

214 2045 355 2115 Petram
402 2043 589 2117 Pontifices
631 2070 704 2116 non
747 2045 835 2116 hanc
878 2058 1040 2130 statuere,
1081 2043 1144 2115 sed
1173 2042 1316 2116 Petram

263 2143 596 2342 AEdifiaclanhadigitur
621 2243 729 2340 quim
756 2259 883 2340 potero
910 2267 1016 2339 super
1042 2243 1132 2315 hanc
1172 2240 1356 2315 AEdifiotbo

214 2342 405 2415 Ecclesiam
432 2369 560 2433 mores,
586 2344 706 2429 vitam,
737 2339 937 2442 famamque
962 2342 1144 2441 fidemque
1172 2342 1353 2417 Ecclesiam

264 2442 457 2516 Nostram:
480 2443 618 2516 Christe
641 2443 744 2516 Petra
766 2469 814 2530 es,
838 2469 911 2515 non
936 2443 1023 2515 mihi
1047 2443 1143 2539 Papa
1172 2442 1347 2516 Nostram.

212 2642 320 2715 Porta
346 2544 598 2741 clulietlfiihlicem
626 2661 767 2742 gestans
792 2644 827 2714 in
854 2642 976 2715 limine
1000 2643 1141 2715 mitram
1171 2642 1283 2714 Porta

263 2739 395 2815 Inferni
420 2761 538 2816 custos
566 2744 727 2841 praesidet
752 2743 923 2815 assiduus.
1172 2739 1306 2815 Inferni

214 2842 300 2914 Non
319 2844 402 2915 huic
419 2843 476 2916 vel
494 2843 624 2941 duplici
647 2844 868 2916 circundatus
885 2868 969 2915 ense
990 2842 1139 2931 nocebit,
1171 2839 1261 2914 Non

263 2943 456 3016 Praevaleat
477 2945 606 3016 summi
629 2968 778 3042 spesque
802 2943 960 3042 fidesque
986 2943 1051 3015 tui.
1169 2942 1355 3016 Praevalett

213 3044 396 3116 Adversus
438 3044 580 3116 Petram
628 3046 716 3116 hanc
759 3069 820 3115 sua
861 3044 1017 3116 tendunt
1057 3042 1141 3114 retia
1170 3043 1351 3118 Adversus

265 3143 649 3316 Illampsaehaebominus
672 3259 833 3343 proteget
854 3268 965 3342 usque
986 3244 1139 3316 Petram.
1171 3243 1288 3317 Illam.

501 3394 609 3466 Sacrae
636 3410 705 3466 tuae
732 3393 930 3494 Majestatis
956 3393 1184 3467 fidelissimus
1212 3394 1363 3469 subditus

580 3495 929 3594 devinctissimusque
953 3493 1118 3567 scholaris
1142 3494 1361 3568 Oxoniensis.

980 3644 1156 3744 Georgius
1184 3645 1360 3747 Coryatus
