3022 5040
406 314 645 392 GEORGE
680 315 956 392 CORYAT'S
991 316 1195 394 POEMS

220 576 566 657 Reverendissimo
602 578 642 655 in
677 578 840 656 Christo
877 578 985 656 Patri
1020 604 1065 657 ac
1102 578 1303 658 Domino
1337 581 1376 661 D.

297 690 442 794 Joanni
484 686 682 795 Vitegifto
722 688 1040 797 Archiepiscopo
1085 691 1376 787 Cantuariensi,

302 800 423 880 totius
483 802 640 909 Angliae
702 803 869 881 Primati
936 830 981 880 ac
1047 805 1375 910 metropolitano,

303 913 472 1020 Georgii
498 914 661 1022 Coryati
689 917 731 993 in
757 942 903 993 nomen
932 942 976 992 ac
1001 941 1238 1020 cognomen
1272 945 1375 996 suum

302 1045 341 1104 et
376 1027 416 1103 in
452 1025 602 1105 librum
643 1028 750 1105 illius
791 1027 972 1105 adversus
1013 1026 1228 1106 Thomam
1274 1031 1376 1110 Cart·

303 1138 466 1245 wright,
487 1138 668 1247 elogium
689 1159 808 1246 atque
830 1140 1071 1246 Evangelica
1090 1154 1281 1247 Ακροςιχὶς.

270 1295 478 1470 FUilget
495 1300 530 1370 in
548 1301 699 1373 aethereo
716 1300 828 1373 veluti
847 1299 907 1372 Sol
924 1325 1049 1372 aureus
1066 1299 1167 1388 orbe,

390 1399 423 1469 It
434 1399 519 1498 {que
536 1400 700 1499 reditque
717 1401 802 1490 vias,
821 1399 1075 1497 pervolitatque
1094 1401 1258 1475 Polum:

269 1500 336 1571 Ho
348 1498 381 1594 ic
399 1501 470 1598 agit
486 1501 658 1598 Angliaco
676 1499 804 1572 florens
821 1515 880 1572 tua
896 1498 1006 1598 gloria
1024 1501 1168 1598 Regno,

320 1597 497 1698 Molmus
514 1619 554 1672 ut
570 1602 738 1701 injudeat,
757 1600 999 1698 progreditura
1018 1602 1140 1698 magis.

270 1698 432 1800 Misisus
449 1700 492 1772 ab
510 1701 646 1773 excelso
663 1701 740 1773 coeli
759 1702 908 1772 Rectore
926 1703 1090 1797 supremi,

316 1799 490 1898 Susipicis
507 1803 598 1873 hunc
615 1802 745 1890 anim0,
763 1817 914 1897 pectore,
932 1825 1019 1873 voce
1036 1802 1171 1875 Deum.

268 1901 302 1971 A
312 1897 318 1999 i
328 1900 416 1973 rdua
433 1901 542 1973 divini
561 1926 690 1973 reseras
707 1901 871 1997 mysteria
887 1900 997 1986 verbi,

319 2000 375 2071 De
386 1998 391 2099 Ι
402 2026 470 2099 que
489 2018 553 2073 tuo
571 2019 668 2074 totus
685 2002 846 2099 provenit
863 2025 925 2072 ore
943 2001 1054 2072 Deus.

269 2101 304 2171 Ο
316 2101 320 2197 i
332 2101 437 2190 mnia,
456 2097 626 2200 falsiloqui
645 2102 738 2173 tollis
755 2101 874 2173 deliria
892 2101 1000 2185 Vatis,

318 2200 457 2297 Culras
474 2202 545 2298 ipse
562 2226 718 2300 gregem,
737 2201 837 2297 pellis
853 2218 889 2273 et
907 2202 980 2298 ipse
997 2200 1135 2297 lupum.

269 2299 434 2401 Iiprocui
452 2301 712 2401 umbrisequax,
730 2301 852 2398 procul
870 2302 920 2373 ito
939 2301 1097 2373 tenebrio
1114 2301 1164 2373 T.
1184 2303 1228 2376 C.

318 2398 429 2500 Noln
448 2419 549 2499 potes
566 2403 600 2473 in
619 2402 709 2473 clara
725 2401 801 2473 luce
818 2401 938 2472 videre
956 2402 1061 2472 diem.

269 2503 359 2573 Men
372 2501 377 2599 Ι
389 2520 422 2574 te
441 2527 615 2600 manuque
633 2504 692 2573 tud
710 2502 880 2573 destruxit
897 2502 1025 2571 moenia
1043 2500 1162 2587 Babel,

319 2602 491 2700 loimanu
510 2602 675 2674 Nemrod
693 2602 841 2674 concidit
860 2603 933 2698 ipse
950 2625 1021 2672 sua.

267 2703 326 2774 An
337 2701 343 2800 Ι
356 2728 425 2773 non
446 2702 638 2774 Nestoreos
655 2703 763 2800 igitur
779 2701 841 2772 tibi
858 2725 1059 2797 comprecer
1076 2703 1216 2775 annos?

317 2802 557 2901 Nethoreum
576 2803 718 2902 quando
736 2818 856 2899 pectus
873 2818 908 2873 et
927 2826 986 2873 ora
1004 2799 1137 2872 refers?

266 2901 435 3001 Viflribus
453 2901 614 2975 humanis
632 2904 717 2974 deus
734 2901 837 2973 altior
854 2901 1022 2973 omnibus
1040 2926 1148 2986 unus,

316 3003 371 3075 Te
382 3002 387 3101 i
399 3005 506 3090 dedit,
525 3005 689 3075 aethereas
706 3027 778 3101 quo
795 3027 998 3098 caperemus
1014 3026 1110 3098 opes.

266 3101 360 3202 Gift1
370 3105 499 3176 etenim
519 3102 727 3201 Angligenis
745 3104 880 3174 donum
899 3103 1121 3200 cognoscitur
1139 3127 1229 3188 esse,

317 3205 390 3301 U⁸i
404 3230 444 3276 us
462 3221 499 3275 et
515 3205 538 3274 ὀ
557 3205 641 3275 doni
661 3203 835 3275 maximus
853 3218 929 3274 esto
947 3202 1028 3272 Dei.

737 3337 781 3408 V.
801 3337 844 3407 R.
863 3336 903 3408 P.
923 3335 1175 3407 devotissimus

991 3467 1171 3566 Georgius
1190 3469 1371 3570 Coryatus
