3022 5040
384 304 621 381 GEORGE
657 303 933 380 CORYAT’S
969 302 1162 379 POEMS

249 486 347 561 Tum
365 489 446 603 quia
466 488 656 561 Musarum
673 502 773 560 tanto
789 486 932 583 capiaris
947 510 1077 575 amore,

299 588 456 660 Auribus
474 589 528 661 his
545 586 701 661 modulis
712 587 842 660 occinit
859 611 931 658 una
947 587 1027 658 tuis.

249 686 309 759 Tu
327 687 425 761 velut
443 690 601 762 hesterna
616 687 737 786 cepisti
753 687 906 759 carmina
923 702 1036 772 nocte,

300 787 382 861 Hac
399 813 545 888 quoque
559 789 609 861 sic
625 789 739 886 capias
754 787 908 859 carmina
925 800 1045 858 nostra
1062 784 1131 857 die.

734 938 821 1012 Tuo
838 938 986 1011 Honori
1004 935 1260 1021 deditissimus,

971 1087 1151 1186 Georgius
1168 1085 1356 1184 Coryatus.

201 1291 268 1370 Ad
303 1291 612 1371 illustrissimum
651 1293 784 1372 virum
825 1293 1051 1371 Dominum
1091 1287 1357 1396 Burghleium

398 1405 636 1512 primarium
656 1405 813 1511 Angliae
834 1403 1156 1483 Thesaurarium.

304 1565 374 1735 Sl
392 1565 489 1638 locus
505 1565 562 1638 hic
580 1582 751 1664 superest,
769 1566 858 1638 inter
875 1567 903 1637 si
919 1566 1045 1664 gaudia
1062 1579 1160 1636 tanta

408 1666 617 1740 Admittunt
635 1682 757 1738 tenues
774 1682 836 1739 tua
853 1690 979 1765 magna
997 1665 1139 1764 negotia
1156 1664 1302 1754 Musas,

302 1765 433 1837 Omnis
450 1766 588 1865 Pegasii
606 1782 809 1864 properaret
826 1765 929 1837 turba
946 1764 1081 1839 fluenti.

302 1864 379 1937 ch
397 1865 460 1938 tibi
478 1866 686 1965 gratificans,
705 1867 742 1938 δῑ
761 1865 877 1938 nobile
894 1891 1025 1938 nomen
1043 1865 1204 1937 adorans.

302 1965 372 2037 Ast
388 1964 466 2038 licet
483 1967 537 2038 hae
554 1965 689 2052 sileant,
706 1967 849 2065 cytharl
866 1983 984 2039 tamen
1001 1965 1181 2062 obstrepet
1199 1991 1284 2055 una,

303 2063 404 2137 Olim
422 2066 625 2139 nominibus
642 2065 705 2139 tibi
722 2066 979 2140 devinctissima
996 2063 1129 2150 multis,

303 2164 397 2239 Haec
414 2191 493 2238 mee
509 2165 666 2264 Calliope
682 2182 747 2253 est,
766 2192 809 2239 ne
826 2167 1018 2266 dedignere
1035 2181 1235 2239 canentem.

305 2265 456 2362 (Inclyte
473 2266 543 2363 vir)
562 2281 672 2339 totam
691 2266 755 2338 tibi
796 2292 850 2339 uae
868 2292 949 2338 cum
966 2291 1113 2364 corpore
1130 2265 1243 2339 vitam

305 2365 482 2455 Devovet,
500 2367 537 2439 δι
553 2383 690 2465 gratam
708 2293 823 2440 reddit
841 2366 1002 2439 testantia
1019 2382 1177 2438 mentem

306 2463 472 2538 Carmina
488 2491 588 2539 more
605 2493 683 2558 suo,
700 2467 762 2539 sed
780 2466 896 2538 multo
913 2466 1028 2538 ma‘us
1044 2491 1175 2539 amore.

307 2566 495 2666 Obsequiis
511 2567 662 2639 concede
679 2569 763 2658 suis,
781 2568 933 2640 concede
950 2492 1139 2638 damoenis.

307 2665 444 2739 Scilicet
461 2667 555 2738 hisce
573 2667 641 2739 mei
659 2667 808 2739 Domini
825 2667 922 2767 quod
940 2667 1082 2739 sedibus
1098 2667 1229 2762 hospes

306 2765 476 2857 Advenis,
493 2784 629 2863 accepta
647 2766 791 2865 Regina,
809 2768 988 2863 proximus
1004 2782 1106 2851 astas,

308 2865 381 2937 His
398 2867 485 2938 mihi
501 2868 713 2939 carminibus
729 2891 870 2939 summo
888 2866 1114 2963 excipiendus
1130 2867 1282 2938 honore.

308 2965 393 3038 Hoc
411 2983 569 3063 superest
586 2991 716 3066 magno
734 2965 949 3063 profundam
967 2984 1050 3040 vota
1068 2966 1242 3052 Tonanti,

308 3066 422 3137 Foelix
440 3067 633 3139 Nestoreos
651 3068 706 3138 hlc
723 3092 838 3167 quum
856 3067 1075 3165 superaveris
1091 3091 1216 3152 annos,

309 3165 384 3238 Det
400 3166 462 3239 tibi
480 3168 688 3264 promissam
706 3192 811 3264 super
827 3192 929 3239 aurea
946 3167 1068 3264 sydera
1085 3167 1208 3238 vitam.

891 3318 936 3389 T.
957 3318 999 3389 H
1017 3315 1269 3388 devotissimus

984 3467 1160 3567 Georgius
1178 3467 1365 3569 Coryatus.
