3022 5040
395 302 633 384 GEORGE
669 304 945 384 CORYAT’S
981 303 1174 385 Pontis

393 613 585 720 AEnigma
612 610 662 691 ad
691 610 858 692 eandem
886 636 958 720 per
986 611 1172 693 eundem.

257 771 452 945 ANQpa
468 772 559 845 dicat
578 772 632 864 Io,
650 771 787 846 solenni
806 797 848 847 ex
864 797 964 846 more
980 774 1218 872 triumphans,

429 897 505 972 irgo
522 873 625 970 parit,
643 873 747 946 nobis
764 873 967 947 Eusnsnrn
984 875 1086 972 parit.

256 975 316 1047 An
335 973 401 1046 tibi
418 997 498 1072 quae
516 974 651 1072 peperit
667 975 783 1074 virgo,
800 976 975 1072 peperisse
991 974 1158 1050 videtur?

310 1074 432 1147 Mater
449 1073 522 1148 solt
539 1074 641 1173 parit,
657 1075 832 1174 virgoque
848 1073 945 1148 nulla
961 1075 1064 1174 parit

258 1177 292 1248 A
342 1174 408 1248 lios
424 1172 498 1248 sola
514 1199 599 1249 suos
616 1176 725 1247 sentit
742 1173 953 1272 Respublica
969 1171 1089 1266 foetus,

293 1200 472 1372 βἓοιιείρίῑ
487 1275 567 1347 huic
584 1274 687 1374 virgo
703 1274 902 1367 commoda,
922 1275 1023 1376 virgo
1039 1276 1140 1374 parit.

210 1562 476 1671 Prosopopeia
502 1561 551 1643 ad
579 1560 742 1643 Portam
771 1560 912 1642 Palatii
938 1562 1131 1672 Episcopi
1155 1563 1355 1645 Wintoni·

264 1677 378 1770 ensis,
400 1694 444 1755 ut
465 1675 632 1784 Reginae
652 1675 852 1784 aperiatur
871 1674 920 1755 ad
947 1676 1051 1755 illius
1071 1677 1309 1784 ingressum.

259 1836 427 2010 CLm
444 1836 620 1935 bipertitas
637 1836 771 1953 aperito
786 1835 902 1954 Janup
918 1852 1049 1935 portas,

386 1935 442 2009 Ut
458 1952 593 2035 repetat
608 1935 712 2011 Pnnc
758 1959 775 2008 s
792 1952 957 2010 rntenora
973 1935 1115 2028 domus,

259 2038 352 2111 Mox
368 2061 408 2110 ee
426 2033 550 2152 majori
566 1960 758 2138 fulgebitef

747 2039 869 2111 umine
885 2037 984 2111 dives

307 2137 425 2234 Quint
443 2152 550 2209 mroet
566 2137 701 2210 Arctoo
718 2136 845 2210 nobilis
863 2137 959 2212 Ursa
974 2136 1075 2212 Polo.

257 2239 354 2312 Ante·
372 2235 442 2311 fuit
458 2234 557 2310 foelix
574 2235 771 2312 multorum
790 2238 934 2312 nomine
950 2237 985 2311 R
1058 2263 1106 2330 m,

308 2338 363 2412 Ut
380 2361 473 2412 nunc
489 2353 543 2411 est
559 2334 660 2410 foelix
677 2362 750 2410 non
768 2353 886 2412 tamen
902 2339 982 2412 ante
1042 2340 1078 2412 it.

257 2439 352 2513 Nam
371 2439 400 2511 si
420 2438 551 2526 Marte,
569 2437 652 2526 fide,
670 2438 842 2530 doctrina,
860 2454 1057 2531 stemmate,
1076 2437 1194 2512 fornii

307 2538 443 2613 Clarior
459 2537 529 2612 ulla
546 2535 649 2626 foret,
669 2538 793 2612 clarior
809 2539 875 2612 ista
890 2537 994 2613 foret.

258 2639 293 2710 O
312 2640 422 2712 nostri
440 2655 482 2713 ut
499 2635 606 2712 fuerit
623 2636 752 2712 Cordis
769 2654 840 2712 tam
851 2638 873 2680 ⁴*
888 2637 1003 2733 Janua
1018 2638 1097 2731 lata,

307 2740 459 2813 Intrares
475 2755 607 2814 tectum
627 2738 717 2837 (Cot
733 2754 823 2838 puto
839 2739 959 2837 dulce)
978 2765 1109 2814 meum.

243 4112 328 4174 *Iste
351 4114 432 4193 lepor
458 4114 578 4175 refertur
604 4116 639 4174 ad
668 4134 775 4175 nomen
803 4116 862 4194 ejus
886 4113 1032 4196 Cor-pate.
1075 4117 1229 4180 Posteriori
1252 4120 1344 4200 sylon

203 4195 308 4256 scilicet
327 4210 400 4275 pate,
422 4194 499 4255 idem
519 4195 696 4274 significante
716 4196 839 4274 Anglict
858 4195 937 4277 quod
958 4197 1060 4258 Latine
1076 4200 1174 4281 janua.

753 4297 813 4373 ³84
