3022 5040
212 335 647 414 OBSERVATIONS
681 336 756 413 OF
791 333 1064 412 COLOGNE

56 523 180 622 gratiae
195 522 326 597 divinae
342 520 489 612 lumine,
506 539 584 595 tum
600 521 788 595 hominum
803 546 846 594 ex
863 519 1049 618 Scripturis
1064 518 1211 593 demon·

57 624 239 696 stratione.
291 622 386 696 Nam
423 623 469 696 de
504 621 581 694 loco
618 620 709 695 ⁶ubi
746 620 911 694 Christus
947 636 1155 708 nasceremr,
1192 619 1213 691 b

57 721 199 812 Scribis,
216 747 260 796 ex
276 721 291 762 ⁶
306 721 450 795 Michera
467 722 628 795 instructi
645 722 777 795 sunt&
794 718 936 793 Stellam
954 718 1049 792 illam
1067 718 1212 792 Messiae

56 838 179 895 ortum
208 821 413 922 significare,
443 847 486 895 ex
516 819 684 894 'Balaam
712 819 905 918 Prophetib
933 845 995 918 per
1025 819 1211 919 Majorum

35 957 37 960 ⁴
57 922 286 996 traditionem
305 939 522 1021 acceperunt.

303 1098 394 1178 The
414 1099 642 1207 quotations
662 1094 711 1177 of
727 1097 796 1178 the
815 1094 964 1177 fourth.

110 1241 301 1337 ¹Justinus
331 1240 473 1342 dialogo
504 1259 625 1315 contra
655 1238 897 1340 Tryphonem.
950 1239 1119 1340 Origines
1150 1238 1210 1314 lib.

62 1367 93 1414 1.
116 1358 236 1416 contra
257 1340 413 1431 Celsum,
435 1342 468 1414 δι
489 1340 634 1415 homilia
660 1364 714 1437 13.
737 1342 774 1413 in
795 1341 986 1415 Numeros.
1040 1339 1211 1439 Chrysor-

57 1460 179 1518 tomns
194 1440 340 1514 homilia
360 1465 373 1513 1
393 1442 426 1514 δι
446 1465 490 1533 14
505 1467 549 1515 ex
563 1442 671 1515 variis
685 1441 723 1514 in
740 1440 874 1514 Matth.
893 1439 986 1514 locis.
1039 1440 1209 1540 Augusti.

57 1567 220 1616 sermone
251 1563 271 1616 2
301 1542 346 1617 de
374 1541 585 1641 Epiphania.
637 1539 837 1615 'Chrisost
868 1539 1014 1614 homilia
1043 1561 1064 1613 2
1096 1540 1211 1638 operis

57 1638 264 1740 imperfecti.
317 1643 393 1716 Leo
412 1666 573 1715 sermone
592 1670 616 1734 4
635 1641 680 1717 de
699 1639 910 1740 Epiphania.
964 1640 1212 1737 Hieronymus

57 1742 97 1813 in
117 1760 138 1813 a
158 1766 231 1838 cap.
252 1740 393 1831 Daniel,
413 1744 446 1816 δι
464 1763 512 1836 47
532 1741 657 1814 Esaiae.
709 1739 902 1815 Anselmus
920 1741 955 1814 bt
971 1740 1155 1838 Rupertus
1174 1741 1209 1812 in

59 1861 81 1912 2
116 1841 249 1915 Matth.
303 1840 445 1914 ³sermo
476 1843 520 1916 de
551 1839 649 1915 stelli
678 1842 713 1915 δι
743 1841 876 1940 Magis.
929 1839 1143 1936 ⁴Sapientiae
1176 1844 1209 1913 8.

58 1938 223 2013 ⁶Matth.
270 1961 302 2014 a.
368 1938 550 2014 eMichera
595 1960 628 2038 5.
693 1939 874 2013 'Numeri
918 1960 977 2032 24.
1043 1939 1212 2040 Origines

58 2038 205 2112 homilia
237 2065 277 2137 13
309 2041 346 2113 in
373 2039 554 2113 Numeros
580 2041 614 2114 δι
640 2039 700 2113 lib.
735 2064 748 2111 1
781 2056 901 2114 contra
928 2038 1084 2114 Celsum.
1135 2037 1212 2112 Leo

58 2165 220 2214 sermone
238 2169 263 2233 4
280 2141 325 2215 de
343 2139 554 2240 Epiphania.

112 2338 132 2413 ς
159 2317 217 2391 Ex
240 2317 370 2390 Arabia
394 2316 522 2392 Foelice
545 2317 696 2408 venisse,
720 2317 818 2418 quod
842 2315 1033 2410 ¹Justinus
1057 2316 1210 2415 Martyr,
1240 2319 1313 2395 risu
1328 2321 1424 2380 mnan.

57 2415 340 2508 ²Tertullianus,
358 2414 373 2456 ³
387 2416 597 2589 Cyprianus,
615 2420 648 2492 δι
665 2416 916 2516 ‘Epiphanius
933 2415 1112 2490 memorie
1130 2438 1211 2514 pro-

56 2515 238 2605 diderunt,
257 2517 413 2589 verisimi
428 2543 448 2591 e
466 2519 618 2593 videtur.
670 2517 769 2591 Tum
787 2517 885 2617 quod
903 2517 1033 2589 Arabia
1051 2533 1210 2615 respectu

57 2614 181 2709 Judeae
215 2614 259 2689 ad
294 2616 491 2706 Orientem,
525 2615 680 2690 Tacito⁶
714 2632 814 2710 teste,
836 2617 924 2704 sita3
972 2630 1050 2688 tum
1083 2613 1210 2716 ‘’qubd

56 2714 147 2804 auri,
178 2714 331 2807 'thuris
363 2717 396 2789 δι
425 2717 573 2814 myrrhae
603 2713 698 2789 ferax
729 2717 795 2789 sit:
833 2716 979 2791 demum
1009 2716 1109 2816 quod
1139 2716 1211 2790 haec

55 2814 182 2913 opinio
199 2814 394 2889 consentiat
411 2840 493 2890 cum
510 2815 624 2889 Esaiae
642 2813 658 2857 ⁸
688 2816 877 2890 vaticinio:
904 2816 1041 2891 Omnes
1058 2817 1103 2890 de
1123 2815 1212 2890 Saba

58 2913 165 3015 (quae,
188 2932 276 2989 teste
298 2916 335 2988 in
355 2941 439 2989 eum
460 2914 587 3005 locum,
609 2917 642 2989 δι
663 2915 753 2989 libro
773 2917 1012 3016 questionum
1033 2916 1070 2989 in
1090 2915 1210 2990 Gene-

57 3015 128 3086 sim
151 3013 199 3086 D.
227 3015 466 3113 Hieronymo,
491 3015 621 3088 Arabia
644 3014 712 3112 est)
737 3017 894 3109 venient,
918 3040 1045 3090 aurum
1069 3017 1103 3090 &
1127 3016 1210 3091 thus

57 3109 264 3187 deferentes.
317 3115 412 3189 Cum
438 3113 499 3188 illo
526 3117 611 3189 item
636 3113 853 3190 ⁹Davidico.
905 3115 1024 3216 Reges
1050 3116 1210 3191 Arabum

56 3213 203 3385 ZtnSpba
223 3214 317 3288 dona
337 3214 522 3289 adducent.
575 3215 625 3289 Et
644 3241 776 3289 rursus.
829 3214 985 3290 Dabitur
1004 3217 1037 3288 ei
1059 3217 1104 3291 de
1124 3243 1210 3290 auro

155 3338 207 3386 ree.

326 3463 416 3545 The
436 3465 665 3571 quotations
685 3462 734 3546 of
747 3463 816 3544 the
835 3461 941 3546 fifth.
1235 3483 1276 3564 [p
1295 3480 1376 3566 597·]

109 3606 299 3702 lJustinus
324 3610 465 3707 Martyr
488 3608 631 3711 dialogo
653 3627 774 3684 contra
797 3608 1040 3709 Tryphonem.
1092 3610 1209 3686 ²Ter—

58 3707 227 3781 tullianus
248 3707 308 3782 lib.
332 3727 452 3783 contra
473 3710 615 3804 Judaeos
636 3736 709 3808 cap.
734 3736 756 3808 9
778 3728 813 3785 et
835 3711 895 3785 lib.
921 3735 941 3808 3
964 3728 1085 3785 contra
1107 3712 1208 3785 Mar·

56 3807 204 3880 cionitas
222 3833 294 3907 cap.
320 3833 374 3905 13.
427 3807 624 3883 ³Sermone
641 3810 686 3886 de
706 3809 811 3884 stella
828 3828 864 3885 et
884 3811 1019 3913 Magis.
1071 3810 1209 3884 ‘Com-

57 3907 188 4046 pendio
240 3909 406 3982 doctrine
457 3908 675 3983 Christiane.
753 3909 842 3984 ⁵lib.
898 3934 918 4010 5
970 3912 1207 3987 historiarum.

85 4005 177 4078 Psal.
222 4027 279 4099 71.
344 4004 614 4081 'Tertullianus
653 4008 890 4113 Apologetico
930 4037 1003 4111 cap.
1046 4036 1106 4108 30,
1146 4030 1207 4103 42.

55 4105 196 4277 fgrgps
230 4104 290 4179 lib.
329 4127 349 4180 2
387 4107 553 4182 naturalis
586 4109 752 4200 historia,
787 4135 861 4209 cap.
903 4135 957 4204 14.
1009 4110 1111 4211 ⁸cap.
1149 4112 1207 4185 60.

168 4221 261 4299 ·7¹·

134 4336 154 4380 c
172 4336 199 4380 c.
217 4338 239 4381 u
608 4342 664 4402 3²1
1108 4343 1131 4387 x
