3022 5040
498 312 772 391 CORYAT'S
808 308 1129 389 CRUDITIES

19 511 96 571 sexa
108 510 206 571 sertim
286 500 307 573 6
333 499 447 571 Porro
464 495 579 586 ¹auri,
599 496 723 588 thuris,
740 513 775 570 et
792 495 941 593 myrrha
958 520 1106 569 munera
1124 494 1279 569 Christo
1294 494 1385 568 obtu

234 598 363 689 lerunt,
397 597 496 698 quod
528 596 582 669 his
616 596 722 670 rebus
754 595 884 670 Arabia
917 595 966 668 im
992 594 1091 667 rimis
1128 593 1332 669 abundaret
1358 610 1386 667 et

235 698 442 797 superbiret.
494 696 637 770 Deinde
658 695 756 795 qubd
777 693 946 795 ²Regina
967 621 1066 785 isba,
1087 718 1204 794 quam
1227 718 1276 767 ex
1296 710 1387 795 gente

235 815 271 871 et
299 795 430 871 familia
460 799 658 898 Magorum
686 792 794 869 fuisse
822 795 1005 895 proditum
1032 811 1097 884 est,
1130 793 1270 869 similia
1298 795 1386 883 don,

235 922 373 986 aurum,
407 897 564 996 inquam,
598 913 633 969 et
665 913 831 986 aromata,
864 893 994 995 quibus
1072 919 1192 969 mmas
1226 895 1387 995 preciosi

235 997 384 1091 addidit,
422 997 603 1070 Solomoni
638 996 744 1099 Regi,
781 996 817 1068 in
854 1012 980 1095 typum
1015 920 1151 1068 gehristi
1188 994 1386 1069 donaverat

234 1097 340 1172 Adde
362 1097 471 1271 prod,
493 1122 572 1197 quae
594 1095 759 1170 Cethurae
781 1093 861 1169 filiis
883 1120 1029 1169 munera
1049 1094 1194 1170 dedisse
1216 1094 1387 1210 Abrahap

237 1212 1007 1394 {trimestremvat
1020 1193 1388 1387 mmmm

238 1396 415 1494 myrrham
440 1391 558 1469 fuisse.
611 1394 797 1469 Postremo
823 1421 894 1468 non
919 1412 992 1468 tam
1015 1393 1133 1495 gentis
1160 1420 1240 1469 sure
1267 1420 1389 1471 moreau

237 1496 270 1568 δι
306 1494 465 1593 exempla
502 1495 689 1596 majorum,
726 1495 961 1570 verumetiam
998 1494 1186 1592 mysticam
1224 1496 1389 1571 rationem

238 1595 360 1688 secuti,
380 1596 445 1668 hoc
463 1595 561 1695 quod
579 1594 743 1669 cordibus
762 1595 921 1684 credunt,
941 1592 1150 1668 muneribus
1169 1592 1389 1694 ⁴proresnr-

238 1711 319 1782 tur;
357 1694 460 1768 Thus
484 1695 564 1784 deo,
590 1720 627 1768 m
685 1695 767 1768 ham
792 1695 941 1784 homini,
965 1696 1093 1769 aurhm
1116 1694 1293 1770 offerunt
1316 1696 1389 1797 regi,

238 1795 271 1867 δι
289 1794 343 1867 his
360 1820 397 1869 se
415 1795 595 1868 instruunt
637 1795 727 1884 onis,
746 1812 787 1869 ut
804 1795 981 1870 adoraturi
999 1820 1125 1885 unum,
1145 1795 1217 1869 tria
1237 1822 1279 1871 se
1297 1794 1389 1873 semel

238 1894 425 1968 credidisse
441 1893 695 1983 demonstrent,
712 1920 798 1968 auro
815 1895 1027 1968 honorantes
1043 1920 1238 1993 personam
1255 1896 1390 1997 regiam,

240 1993 379 2090 myrrha
399 1993 601 2087 humanam,
622 1993 725 2067 thure
743 1994 914 2068 divinam.

501 2161 592 2241 The
614 2164 838 2270 quotations
858 2159 907 2240 of
920 2160 989 2242 the
1008 2160 1127 2241 sixth.

291 2302 438 2377 ¹Math.
463 2325 496 2377 2.
549 2303 598 2402 ²3
623 2306 714 2406 Reg.
744 2330 788 2380 10
809 2330 882 2403 cap.
935 2303 1192 2404 ³Compendio
1215 2306 1392 2382 Doctrine

239 2403 457 2478 Christiana.
511 2403 614 2478 ‘Leo
633 2430 793 2480 sermone
811 2426 832 2478 2
851 2407 896 2481 de
913 2405 1124 2504 Epiphania.

292 2592 313 2665 7
340 2572 427 2644 Post
446 2572 578 2645 Christi
598 2573 846 2663 ascensionem,
865 2575 886 2646 a
905 2570 981 2646 ¹D.
1001 2572 1142 2645 Thoma
1160 2574 1392 2673 Apostoloin

240 2671 309 2745 fide
330 2671 461 2745 Christi
483 2672 621 2769 plenius
641 2673 813 2762 instructi,
834 2673 878 2747 ad
898 2673 964 2747 hoc
983 2672 1165 2772 baptizati,
1189 2674 1268 2748 imd
1290 2674 1393 2749 Ῥυ-

242 2789 335 2843 tores
366 2772 473 2844 etiam
506 2790 541 2846 et
573 2772 747 2846 Doctores
781 2773 855 2847 sive
887 2772 1056 2872 Eiscopi
1089 2773 1125 2845 in
1159 2775 1306 2872 populo
1339 2800 1393 2849 suo

241 2870 393 2944 ordinati
422 2888 516 2962 sunt,
546 2898 601 2944 ma
628 2898 780 2973 namque
807 2799 1006 2947 Gentilium
1034 2872 1176 2947 turbam
1204 2876 1251 2950 ad
1284 2877 1394 2950 Chris

243 2971 344 3043 tianae
363 2969 544 3071 religionis
562 2996 579 3044 c
620 2989 698 3045 tum
716 2973 951 3062 adduxerunt,
971 2991 1077 3072 atque
1095 2973 1143 3045 ita
1162 2990 1206 3047 ut
1225 2976 1394 3072 primitias

243 3068 299 3143 fru
352 3094 389 3141 m
410 3071 550 3167 copiosa
574 3073 695 3146 messis
717 3073 964 3173 consequitur:
996 3073 1044 3146 sic
1066 3074 1203 3172 Magos
1225 3077 1395 3173 primitias

242 3096 460 3243 crelintium
476 3197 518 3243 ex
534 3171 723 3264 Gentibus,
739 3170 1051 3246 innumerabilium
1065 3173 1152 3247 fides
1166 3199 1217 3272 po
1244 3174 1394 3264 ulorum,

245 3286 411 3383 tanquam
452 3270 627 3343 uberrima
668 3296 767 3371 seges
805 3290 859 3344 est
899 3273 1095 3362 subsecuta,
1136 3200 1395 3377 implbtumque

244 3368 451 3442 vaticinium
484 3369 686 3464 ³Davidis,
710 3396 772 3471 qu1
805 3389 993 3472 postquam
1026 3373 1247 3470 praedixerat,
1286 3375 1395 3477 Regu

243 3468 402 3541 Arabum
423 3487 458 3543 et
480 3470 568 3542 Saba
588 3471 680 3544 dona
700 3472 887 3560 adducent,
909 3472 1106 3572 subjungit,
1128 3471 1178 3545 Et
1200 3474 1395 3551 adorabunt

244 3594 328 3640 eum
355 3594 478 3642 omnes
505 3570 634 3670 Reges,
662 3588 697 3644 et
724 3597 848 3645 omnes
874 3588 998 3687 gentes
1026 3573 1178 3646 servient
1208 3574 1254 3647 ei.
1314 3577 1394 3651 Item

150 3715 156 3729 ·
245 3665 411 3741 ⁴Omnes
432 3686 556 3768 gentes
578 3696 805 3771 quascunque
828 3668 951 3760 fecisti,
974 3672 1119 3745 venient
1141 3688 1177 3744 et
1200 3674 1394 3749 adorabunt

245 3794 360 3841 coram
381 3787 415 3842 te
434 3769 603 3860 Domine,
624 3787 659 3844 et
677 3770 923 3871 glorificabunt
943 3797 1073 3844 nomen
1093 3788 1209 3845 tuum.

475 3937 567 4018 The
589 3942 815 4049 quotations
836 3938 885 4021 of
897 3939 966 4019 the
987 3940 1164 4020 seventh.

298 4081 506 4180 ¹Chrysost.
548 4083 703 4158 homilia.
746 4106 766 4158 2
808 4084 923 4183 operis
963 4081 1168 4258 imperfecti.
1211 4089 1394 4190 antiquum

248 4183 495 4260 Calendarium
536 4185 683 4260 citatum
724 4184 768 4259 ab
810 4185 971 4258 Henrico
1044 4186 1132 4276 into,
1173 4185 1394 4289 dialogorum

798 4319 855 4377 3²2
