3022 5040
450 279 727 358 CORYAT'S
762 276 1080 357 CRUDITIES

187 466 352 555 offerent,
381 465 501 566 Reges
528 464 688 538 Arabum
716 464 749 538 δι
777 463 867 538 Saba
893 462 988 538 dona
1013 461 1212 538 adducent.
1263 461 1344 537 Pos-

189 568 296 686 terior
315 594 422 640 vero:
450 565 698 682 &abulabunt
717 581 842 666 gentes
862 567 899 638 in
920 564 1056 639 lumine
1076 581 1158 658 tuo,
1178 565 1215 639 δι
1233 565 1345 683 Reges

188 667 443 870 hillidii
453 664 998 842 llbhshlhlplh
1023 683 1346 868 35ωῶῗὲἓὲ

189 871 282 944 Item
298 880 311 911 ⁸
325 869 487 943 Herodis
503 895 542 943 ac
559 870 669 943 totius
686 867 785 943 urbis
802 865 1145 966 Hierosolymitanae
1162 867 1213 943 ad
1230 893 1347 943 eorum

188 970 384 1044 adventum
405 970 605 1069 trepidatio,
626 994 773 1043 munera
793 969 880 1042 item
900 967 1066 1068 preciosa,
1087 993 1172 1068 quse
1191 993 1244 1043 ex
1264 968 1347 1043 ther

189 1071 283 1144 auris
318 1071 391 1145 suis
426 1070 685 1169 deprompsisse
718 1065 931 1162 referuntur,
967 1067 1161 1169 Majorum
1197 1069 1348 1171 denique

190 1170 333 1246 traditio
354 1170 502 1268 scriptis,
523 1166 770 1244 ‘sermonibus
789 1168 1024 1259 cantionibus,
1045 1169 1209 1267 hymnis,
1231 1169 1269 1245 dt
1286 1171 1348 1268 plt-

190 1271 279 1345 turis
298 1289 340 1346 ut
357 1269 567 1371 vulgaribus
586 1270 634 1344 sic
652 1269 808 1370 antiquis
826 1269 977 1368 prodita,
997 1268 1228 1345 confirmant.
1282 1270 1349 1345 Not

189 1371 386 1545 {uidquam
409 1371 455 1446 ad
478 1397 553 1445 rem
577 1368 659 1445 facit
682 1371 781 1488 quod
804 1368 1035 1471 Evangelista
1059 1394 1136 1444 non
1159 1369 1350 1470 appellavit

190 1498 323 1646 eiiii}
341 1471 664 1673 {griffi}
679 1481 816 1672 ἕέιίἓζ
827 1466 1350 1672 hfflimfiiissnsssihffl

191 1673 396 1747 testimonio
425 1671 545 1770 potius
574 1672 681 1771 quam
709 1671 855 1772 Regum
884 1671 1043 1770 potentii
1070 1671 1351 1749 constabiliendt

191 1773 382 1847 videretur.

365 1947 457 2027 The
477 1949 705 2056 quotations
724 1946 774 2029 of
786 1947 856 2028 the
876 1947 985 2029 third
1004 1949 1179 2030 section.

240 2104 290 2189 ⁸3
310 2093 401 2193 Reg.
426 2117 481 2168 10.
511 2089 632 2166 '’Psal.
653 2113 711 2189 72.
742 2092 884 2168 ‘Esaiae
903 2095 961 2168 60.
992 2089 1211 2191 “Chrysen
1232 2094 1350 2169 homil

197 2219 227 2270 1.
250 2221 294 2268 ex
316 2195 424 2268 variis
445 2194 482 2269 in
506 2194 640 2268 Matth.
666 2192 760 2268 locis.
784 2193 861 2268 Leo
884 2220 1045 2268 sermone
1066 2194 1110 2270 de
1133 2193 1349 2295 Epiphanit

191 2294 354 2368 eMatth.
388 2315 421 2368 2.
452 2319 526 2393 cap.
559 2318 593 2389 3.
624 2319 698 2366 ver.
750 2289 1017 2367 ‘Tertullianus
1046 2291 1106 2367 lib.
1163 2318 1199 2390 3.
1236 2312 1352 2370 contra

192 2393 335 2489 Judaeos
357 2419 430 2494 cap.
457 2418 490 2490 9.
544 2393 703 2469 Isidorus
724 2395 769 2470 de
791 2395 954 2494 passione
975 2393 1168 2469 Dominica
1189 2420 1273 2496 dap.
1302 2417 1350 2495 ις.

191 2494 383 2571 Anselmus
400 2493 552 2569 &Theo
578 2492 737 2592 hylactus
754 2496 790 2568 in
809 2515 842 2568 a.
860 2521 934 2594 cap.
954 2494 1072 2568 Math.
1123 2494 1225 2572 Vide
1242 2498 1350 2572 Cicer.

192 2594 238 2670 de
264 2594 509 2669 Divinatione.
594 2594 702 2668 linius
730 2593 789 2668 lib.
821 2618 854 2690 3.
884 2593 1051 2669 naturalis
1078 2594 1252 2670 historiae.
1283 2622 1350 2697 cap.

198 2719 228 2768 1.
292 2694 410 2773 Adam
446 2695 595 2768 Sasbont
631 2693 753 2768 homil.
789 2694 834 2768 de
869 2694 1079 2793 Epiphania.
1145 2694 1352 2772 Franciscus

194 2795 324 2871 Suarez
344 2796 380 2867 in
402 2818 436 2889 3.
457 2821 529 2893 par.
550 2794 600 2867 D.
621 2793 771 2868 Thomae
793 2812 892 2869 tomo
913 2815 946 2867 2.
999 2793 1213 2868 ‘Melchior
1234 2796 1352 2870 Canus

194 2893 253 2968 lib.
280 2918 335 2967 11.
388 2895 567 2969 Locorum
587 2893 900 2995 Theologicorum,
921 2920 994 2993 cap.
1020 2916 1050 2993 5.
1103 2893 1252 2970 Hector
1272 2897 1352 2970 Pin·

194 3012 253 3166 ¹tus
280 2995 317 3067 in
349 3019 378 3066 1.
406 3020 479 3092 cap.
508 2994 679 3069 Danielis.
733 2995 849 3068 Caesar
875 2995 1048 3068 Baronius
1074 2993 1134 3068 lib.
1170 3019 1200 3068 1.
1231 2996 1352 3071 Anna·

207 3119 293 3168 rum.

87 3306 94 3321 ·
245 3299 269 3363 4
295 3270 354 3344 Ad
383 3267 636 3369 professionem
664 3297 789 3343 eorum
818 3272 915 3371 quod
942 3271 1079 3361 attinet,
1109 3273 1256 3346 tametsi
1287 3301 1353 3348 non

195 3371 311 3446 desint
328 3372 390 3472 qui
407 3369 421 3413 ¹
437 3373 634 3471 Magorum
651 3371 795 3445 nomine
813 3370 986 3445 maleficos
1001 3396 1039 3445 ac
1056 3371 1202 3471 magicis
1218 3373 1353 3447 artibus

0 3507 2 3519 v
70 3477 130 3535 sec'
161 3520 168 3534 ·
196 3472 386 3545 instructos
404 3471 593 3569 accipiant:
620 3472 738 3569 potior
757 3487 875 3545 tamen
894 3469 1037 3544 illorum
1057 3472 1233 3545 sententia
1254 3475 1353 3548 nobis

196 3598 270 3646 esse
299 3571 404 3645 debet
433 3572 495 3671 qui
525 3569 735 3669 ²Sapientes
763 3569 960 3672 astrologos
988 3567 1096 3644 fuisse
1124 3571 1352 3662 arbitrantur,

196 3673 258 3773 qui
275 3688 348 3747 arte
366 3672 610 3746 mathematica
627 3672 683 3770 (ut
700 3670 929 3770 ³Cyprianus
945 3669 1117 3771 loquitur)
1135 3670 1213 3744 vim
1232 3673 1269 3747 δι
1286 3674 1353 3750 dis-

196 3797 338 3845 cursum
368 3788 539 3844 noverant
568 3770 799 3870 planetarum,
829 3770 1146 3846 &elementorum
1177 3790 1352 3865 naturam,

196 3872 229 3946 δι
260 3888 434 3945 astrorum
466 3871 659 3945 ministeria
690 3871 793 3945 certis
824 3871 1073 3970 experimentis
1104 3871 1353 3948 observabant.

198 3970 308 4044 Unde
325 3971 575 4044 convenienter
591 3971 798 4062 admodum,
817 3971 938 4047 divina
956 3970 970 4013 ⁴
986 3970 1161 4068 Sapientia
1204 3999 1269 4046 uoe
1286 3975 1353 4051 dis·

198 4071 299 4170 ponit
319 4070 438 4143 omnia
458 4071 623 4162 suaviter,
646 4071 760 4146 Stellae
780 4072 1005 4170 potissimum
1025 4071 1156 4146 indicio
1177 3998 1260 4147 iilos
1281 4092 1353 4149 tan·

198 4196 305 4271 quam
336 4186 511 4244 astrorum
542 4172 673 4270 peritos
703 4172 748 4246 ad
780 4197 816 4245 se
846 4172 1025 4270 pertraxit,
1057 4171 1244 4247 accedente
1277 4191 1352 4249 tum

748 4306 807 4366 3²0
