3022 5040
114 502 214 581 Epistle
226 515 250 561 n

113 584 224 642 Marcu

112 663 250 724 Baletus.

537 309 812 387 CORYAT’S
849 308 1162 386 CRUDITIES

277 511 392 584 erunt,
417 519 571 595 quorum
594 490 686 566 fama
707 509 851 592 propter
873 518 1049 565 summam
1070 509 1178 592 atque
1201 488 1273 566 fere
1296 493 1431 565 incom-

277 592 466 693 parabilem
494 620 618 667 eorum
645 595 682 667 in
710 593 808 665 omni
835 593 1075 667 doctrinarum
1101 617 1230 692 genere
1257 592 1432 691 praecipue

276 692 483 794 Theologiae
505 693 685 767 scientiam
706 694 743 765 in
765 709 883 766 totum
904 692 1146 766 Christianum
1167 690 1290 766 orbem
1310 717 1431 765 eman·

275 795 361 883 avit,
377 796 410 868 &
449 819 515 867 uos
530 819 602 866 non
616 793 725 867 modb
741 819 813 865 non
828 793 1049 866 abhorruisse
1062 793 1083 865 a
1097 789 1218 865 Graeca
1231 791 1356 892 lingua
1370 792 1431 867 sed

276 895 382 967 etiam
408 819 452 967 ad
478 894 596 992 ipsum
622 892 717 965 illius
742 891 881 965 culmen
907 893 1075 991 aspirasse
1101 889 1329 965 manifestum
1354 908 1431 980 est;

276 1011 354 1066 tum
373 993 479 1066 etiam
498 993 758 1067 absurditatum
775 992 1008 1093 quarundam,
1027 1018 1106 1093 quae
1123 1017 1167 1065 ex
1185 990 1280 1065 illius
1297 991 1432 1093 linguae

276 1093 412 1167 inscitia
434 1089 597 1191 profectae
621 1108 715 1165 sunt.

325 1192 437 1288 Qrod
466 1193 553 1265 mihi
583 1192 775 1290 promisisti
804 1192 933 1293 Tiguri
963 1191 1272 1266 vehementissime
1300 1209 1337 1266 te
1364 1217 1431 1265 oro

275 1310 438 1391 prestare.
491 1292 587 1365 Nam
615 1292 793 1391 pollicitus
820 1317 857 1365 es
885 1293 985 1382 mihi,
1015 1293 1043 1364 si
1073 1292 1257 1365 scriberem
1285 1293 1329 1366 ad
1359 1307 1431 1367 tres

275 1391 353 1465 illos
367 1393 586 1491 pereruditos
600 1409 706 1492 atque
719 1390 882 1492 egregios
895 1391 1003 1481 viros,
1010 1390 1212 1465 Dominum
1225 1393 1431 1482 Waserum,

275 1494 477 1566 Dominum
506 1492 787 1591 Hospinianum‚
815 1492 1078 1566 &Dominum
1106 1490 1365 1592 Bullingerurn,
1395 1507 1431 1566 te

275 1591 354 1665 illos
378 1591 648 1665 sollicitaturum
673 1609 713 1664 ut
738 1592 825 1664 mihi
849 1592 1049 1666 rescribant.
1102 1589 1223 1685 Quare
1248 1617 1362 1706 quum
1386 1592 1433 1666 ad

276 1691 355 1765 illos
375 1693 582 1791 scripserim,
603 1692 747 1766 obsecro
768 1709 802 1766 te
822 1693 866 1766 ad
887 1718 943 1766 me
963 1691 1079 1766 literas
1098 1691 1181 1766 dare
1199 1711 1242 1768 ut
1261 1690 1331 1765 rllis
1350 1717 1430 1792 per·

276 1791 431 1865 suadeas.
497 1788 618 1884 Qram
647 1791 735 1864 mihi
764 1792 1021 1864 humanitatem
1049 1792 1077 1864 si
1107 1792 1344 1890 praestiterint,
1374 1817 1432 1865 me

275 1889 344 1963 illis
361 1892 544 1966 Gordiano
562 1892 717 1991 quodam
734 1890 895 1965 amicitiae
913 1893 1009 1966 nodo
1026 1894 1198 1990 perpetui>
1216 1891 1431 1966 devincient.

276 1990 388 2063 Porro
423 1992 489 2063 hoc
525 2008 559 2063 te
593 2016 693 2091 rog0‚
729 2007 770 2063 ut
803 1991 934 2092 gratias
968 1992 1136 2064 maximas
1171 2016 1251 2064 meo
1286 1993 1432 2065 nomine

276 2091 436 2163 Domino
465 2091 679 2164 Thomanno
707 2092 756 2164 rei
786 2087 1022 2165 frumentariae
1049 2090 1144 2190 apud
1172 2116 1239 2165 vos
1265 2087 1431 2191 praefecto

276 2215 340 2288 pro
366 2190 430 2262 sud
454 2216 537 2291 erga
563 2217 620 2263 me
645 2190 892 2264 benevolentii
917 2191 1012 2266 haud
1038 2190 1178 2291 vulgati
1203 2216 1297 2292 agas,
1324 2192 1431 2292 eique

277 2289 451 2404 significes
473 2316 529 2364 me
552 2290 735 2365 tradidisse
756 2289 829 2362 filio
851 2317 917 2364 suo
938 2290 1055 2364 literas
1076 2317 1163 2391 quas
1184 2291 1227 2364 ab
1249 2317 1292 2365 eo
1313 2291 1429 2390 accepi

276 2388 323 2461 Tr
394 2390 418 2479 i,
441 2415 504 2463 nec
526 2416 598 2464 non
619 2389 733 2463 filium
756 2417 862 2464 suum
884 2392 1036 2466 secunda
1057 2390 1261 2466 valetudine
1283 2388 1430 2490 perfrui,

276 2514 312 2562 ⁸⁸
353 2515 365 2588 J

511 2623 597 2695 Non
615 2623 715 2696 flavit
732 2622 821 2696 velis
838 2648 921 2697 aura
939 2623 1090 2698 secunda
1109 2624 1191 2696 suis.

277 2756 349 2828 Hae
364 2773 447 2829 sunt
460 2782 547 2856 quas
562 2757 698 2831 tamdiu
711 2756 837 2829 abhinc
851 2757 916 2829 tibi
930 2757 1076 2856 promisi
1090 2755 1210 2846 litera,
1226 2783 1312 2859 quas
1327 2784 1430 2859 aequo

276 2872 381 2956 atque
412 2856 588 2931 benevolo
618 2857 737 2928 animo
770 2874 803 2929 te
835 2873 1059 2955 accepturum
1091 2883 1203 2956 spero,
1236 2859 1429 2957 praesertim

275 2963 394 3035 missas
410 2962 483 3036 atui
501 2959 679 3048 ἆκιβδήλως
696 2963 932 3036 amantissimo
957 2965 1091 3052 amico;
1117 2964 1268 3062 aliquam
1290 2966 1394 3036 etiam
1413 2964 1432 3036 i

276 3081 311 3137 te
329 3063 529 3163 Epistolam
548 3064 704 3137 vicissim
723 3080 881 3162 expecto,
902 3089 1009 3164 quam
1029 3063 1116 3137 mihi
1136 3082 1335 3165 pergratam
1354 3061 1430 3139 fore

276 3162 341 3237 tibi
361 3164 502 3263 penitus
521 3164 739 3262 persuadeas.
791 3161 879 3237 Vale
897 3164 1086 3238 bellissime
1106 3167 1155 3238 mi
1177 3165 1333 3239 Buelere.

300 3295 385 3369 Tibi
405 3296 693 3370 obstrictissimus
713 3297 854 3395 tueque
873 3295 1125 3370 incolumitatis
1143 3297 1406 3395 cupidissimus,

762 3396 921 3470 Thomas
945 3396 1120 3494 Coryatus
1143 3397 1428 3472 Odcombiensis.

459 3495 616 3570 Londini
634 3496 748 3596 pridie
766 3495 938 3570 Calendas
954 3497 1113 3598 Augusti
1137 3498 1242 3594 1609.

276 3697 445 3867 FRom
463 3721 523 3794 my
541 3693 656 3771 friend
675 3699 822 3770 Marcus
840 3696 1021 3790 Buelerus,
1039 3714 1129 3770 unto
1146 3698 1265 3771 whom
1285 3700 1301 3770 Ι
1319 3717 1430 3774 wrote

363 3796 433 3871 this
446 3795 597 3894 Epistle‚
615 3799 631 3869 I
646 3797 806 3871 received
822 3797 858 3869 in
873 3823 1025 3870 answere
1041 3794 1084 3869 of
1098 3797 1244 3871 mineat
1259 3798 1319 3871 the
1335 3824 1430 3874 same

276 3898 361 3969 time
386 3897 461 3971 that
486 3922 546 3994 my
570 3895 710 3971 learned
733 3894 848 3971 friend
875 3899 949 3969 Mr.
974 3900 1144 3971 Waserus
1169 3915 1246 3972 sent
1270 3925 1328 3971 me
1353 3900 1429 3972 that

275 3993 395 4070 before
419 3997 636 4087 mentioned,
660 3997 773 4071 which
798 3994 853 4069 for
877 3997 936 4069 the
959 3996 1040 4071 love
1065 4000 1148 4071 sake
1172 3999 1188 4071 Ι
1212 3999 1315 4071 beare
1337 4015 1429 4072 unto

275 4096 362 4186 him,
378 4098 414 4169 in
429 4097 554 4196 regard
570 4095 612 4170 of
628 4098 686 4171 the
701 4114 800 4198 great
814 4098 1005 4170 courtesies
1019 4098 1063 4171 he
1079 4098 1142 4172 did
1158 4125 1214 4172 me
1230 4099 1267 4170 in
1283 4098 1427 4190 Zurich‚

276 4197 293 4270 Ι
309 4197 398 4272 have
414 4198 569 4299 thought
583 4198 680 4299 good
697 4215 734 4270 to
748 4197 1005 4272 communicate
1021 4214 1059 4269 to
1075 4198 1134 4272 the
1149 4198 1272 4289 world,
1289 4200 1429 4300 though

825 4335 883 4394 ι34
