3022 5040
593 323 869 402 CORYAT'S
910 321 1225 402 CRUDITIES

176 504 274 581 W*
287 516 311 563 Φ
337 510 409 581 Ista
431 508 555 582 civitas
578 534 660 582 cum
684 508 790 581 alteri
814 508 955 582 Badeni
977 506 1039 581 reli
1069 508 1149 580 'one
1172 505 1360 595 consentit,
1385 505 1489 578 nimi-

179 587 283 724 ?VW
336 611 417 682 rum
438 609 623 707 Papistical.
676 609 813 682 Tamen
835 609 1029 707 princepsi
1057 632 1173 698 orum,
1196 607 1258 724 qui
1280 605 1489 708 religionem

216 686 309 726 asera.
336 708 521 807 profitetur
542 706 778 798 reformatam,
802 710 862 783 sod
884 712 904 782 ὲ
925 707 1030 782 vobis
1050 706 1238 808 Tigurinis
1258 723 1366 808 atque
1389 706 1489 780 nobis

335 808 464 909 Anglis
486 811 611 908 parum
633 810 744 884 discre
790 827 888 882 ntem
910 809 1057 906 (etenim
1079 808 1306 881 Lutheranus
1326 807 1396 906 est)
1419 832 1489 880 non

335 910 464 984 residet
489 910 555 1000 hlc,
582 911 644 985 sed
667 835 820 983 Turliri.
874 908 950 983 Ubi
977 907 1089 982 multi
1112 908 1260 1008 quidem
1283 906 1489 982 difficultate

336 1010 427 1083 intra
448 1009 601 1083 civitatis
623 1027 741 1108 portas
762 1010 936 1084 admissus
958 1006 1022 1082 fui.
1076 1009 1144 1082 Sed
1167 1006 1274 1081 nullis
1294 1006 1491 1081 rationibus

336 1111 478 1183 veniam
517 1110 738 1211 ingrediendi
779 1110 953 1208 Principis
992 1107 1109 1182 aulam
1148 1108 1335 1205 impetrare
1375 1107 1489 1206 potui.

335 1209 474 1283 Tamen
498 1210 699 1308 praenobilis
722 1211 868 1311 quidam
892 1234 1097 1311 generosus,
1121 1208 1183 1309 qui
1209 1204 1279 1281 fuit
1302 1207 1491 1306 primarius

335 1309 422 1383 aula
465 1311 576 1408 ipsius
616 1307 819 1399 Praefectus,
860 1309 1177 1407 perhumanissime
1217 1333 1274 1381 me
1315 1306 1489 1381 tractavit.

336 1411 424 1484 Inde
451 1409 733 1509 Heidelbergam
760 1406 937 1507 profectus
964 1435 1043 1482 sum
1069 1408 1289 1507 Palatinams
1315 1403 1491 1481 inferioris

336 1508 560 1608 Metropolin
612 1526 719 1609 atque
772 1509 1056 1582 florentissimam
1108 1507 1347 1582 Academiam.
1414 1507 1490 1581 ch

335 1610 488 1683 Comitis
511 1608 662 1682 Palatini
685 1610 729 1684 ad
752 1609 922 1682 Rhenum
946 1607 1120 1683 Frederici
1144 1607 1259 1708 quarti
1283 1607 1346 1709 qui
1370 1606 1490 1708 religi·

269 1723 273 1732 “
335 1734 440 1781 onem
476 1726 630 1782 vestram
665 1710 699 1782 u
734 1726 889 1782 nostram
925 1707 1159 1806 amplectitur,
1195 1706 1489 1809 augustissimum

335 1808 504 1907 palatium
526 1835 596 1882 non
618 1810 693 1884 sine
713 1808 912 1884 diffcultate
931 1809 1085 1909 quadam
1104 1808 1329 1882 intromissus
1347 1807 1437 1898 vidi,
1458 1808 1490 1881 δι

335 1910 371 1981 in
393 1909 545 2010 quadam
565 1908 650 1982 cella
669 1909 804 1981 vinaria
823 1935 886 1983 vas
906 1909 1087 2009 quoddam
1106 1909 1285 1983 vinarium
1306 1923 1365 1981 stu
1411 1907 1489 1981 ndae

335 2035 373 2082 ac
399 2024 564 2106 portento
592 2035 637 2082 sae
664 2009 873 2107 capacitatis,
901 2008 950 2083 ad
973 2008 1076 2108 cujus
1103 2007 1345 2081 summitatem
1364 1933 1490 2108 lignei

337 2108 424 2181 scali
467 2108 707 2183 ascendebam.
760 2107 1063 2206 Locupletissimae
1109 2106 1204 2181 illius
1247 2106 1487 2198 Bibliothecae,

335 2234 413 2308 quae
432 2225 589 2281 extructa
606 2226 659 2281 est
677 2210 714 2281 in
732 2209 883 2309 quadam
901 2226 999 2306 parte
1016 2209 1188 2307 primaria
1205 2206 1371 2282 Ecclesiae
1388 2208 1489 2284 dedi-

334 2325 417 2382 catae
454 2309 486 2380 S.
525 2308 682 2406 Spiritui,
718 2325 790 2381 tam
825 2308 966 2407 copiosi
1000 2306 1215 2406 supellectile
1248 2307 1423 2383 librorum
1457 2309 1490 2383 dt

335 2408 586 2505 impressorum
611 2409 644 2481 δι
670 2410 989 2506 manuscriptorum
1014 2407 1269 2483 admiraculum
1294 2432 1409 2508 usque
1436 2409 1490 2483 in·

336 2525 486 2598 structae,
533 2507 620 2580 mihi
666 2509 803 2606 copiam
851 2506 931 2582 fecit
977 2507 1152 2607 Principis
1196 2507 1490 2584 Bibliothetarius

334 2609 486 2680 eximius
537 2607 594 2681 ille
644 2608 819 2707 politioris
869 2608 1057 2682 literatura
1107 2609 1327 2683 Candidatus
1377 2608 1489 2703 Janus

335 2707 520 2781 Gruterus
587 2708 655 2782 Sed
699 2709 904 2807 repentinus
947 2709 1102 2783 duorum
1145 2707 1489 2783 adolescentulorum

334 2806 540 2906 Principum
567 2806 844 2882 Anhaltinorum
870 2809 1050 2909 ingressus
1077 2834 1133 2882 me
1161 2809 1387 2908 impediebat,
1416 2812 1488 2912 qub

335 2909 453 2980 minus
502 2905 751 2981 bibliothecam
800 2934 843 2981 ex
894 2925 981 2981 voto
1031 2908 1225 2983 lustrarem.
1290 2908 1488 3010 Postquam

334 3005 467 3080 deliciis
486 3007 738 3108 Heidelbergae
757 3009 878 3082 oculos
896 3025 1002 3109 atque
1021 3009 1180 3082 animum
1198 3008 1281 3083 satis
1298 3009 1489 3107 pavissem,

333 3105 469 3277 {piram
486 3105 581 3178 illam
598 3107 820 3206 Imperialem
837 3134 898 3206 per
913 3109 1049 3184 deserta
1065 3134 1251 3182 nemorum
1267 3133 1324 3181 me
1339 3108 1487 3184 contuli.

378 3205 408 3276 ic
425 3203 611 3305 collegium
632 3205 842 3298 Jesuitarum
866 3207 947 3297 adii,
965 3233 1047 3280 cum
1070 3207 1197 3308 quibus
1217 3206 1408 3303 αψιμαχῖαν
1427 3234 1489 3283 seu

334 3304 577 3380 velitationem
599 3308 776 3406 quandam
798 3307 917 3396 habui,
940 3308 1110 3480 {uoniam
1132 3309 1313 3383 Munsteri
1336 3309 1490 3384 Cosm-

333 3406 527 3504 graphiam,
566 3407 669 3506 cujus
708 3406 906 3480 Sirensem
969 3407 1216 3506 escriptionem
1252 3408 1290 3483 in
1328 3409 1490 3508 ipsorum

333 3505 545 3579 bibliotheca
564 3506 647 3606 legi,
668 3433 822 3606 maligni
841 3509 1100 3606 depmvirunt3
1133 3523 1378 3610 expungentes
1400 3536 1489 3584 non·

334 3604 450 3679 nullos
486 3605 591 3696 locos,
629 3607 694 3680 hoc
729 3605 857 3680 scilicet
892 3624 1077 3705 praetextu,
1112 3609 1283 3708 quoniam
1318 3610 1490 3685 adversus

333 3705 440 3780 fidem
475 3705 664 3779 Catholicae
699 3707 870 3782 Romanae
904 3707 1068 3782 Ecclesia
1104 3706 1285 3782 faciebant.
1352 3710 1489 3785 Saluta·

335 3805 469 3878 tionem
498 3806 573 3880 divi
604 3807 770 3881 Bernardi
799 3807 951 3881 Abbatis
979 3808 1246 3882 Clarevallensis
1273 3809 1319 3884 ad
1348 3810 1488 3886 batam

333 3904 510 4005 virginem
534 3907 689 3978 Mariam
710 3908 746 3979 in
767 3907 907 3981 basilici
927 3907 1036 4009 hujus
1056 3909 1154 3984 urbis
1174 3909 1361 3983 observavi
1382 3911 1489 3985 aeneis

335 4002 443 4076 literis
466 4006 501 4076 in
525 4004 637 4078 tribus
658 4006 820 4080 rotundis
843 4008 1076 4082 marmoribus
1099 4009 1254 4101 incisam,
1276 4009 1312 4083 O
1335 4008 1489 4086 clemens

336 4103 465 4194 Maria,
490 4104 515 4175 ὃ
541 4104 599 4201 pia
627 4106 755 4196 Maria,
782 4107 805 4177 ὃ
831 4105 944 4180 dulcis
970 4108 1099 4181 Maria.
1154 4109 1224 4182 Ista
1250 4109 1359 4184 verba
1385 4110 1488 4186 illum

335 4202 526 4305 loquutum
557 4200 664 4278 fuisse
694 4205 738 4278 ad
768 4203 940 4303 lapideam
972 4209 1163 4308 imaginem
1194 4208 1305 4310 ipsius
1336 4226 1488 4287 stantem

887 4326 943 4384 116
