3022 5040
184 337 618 416 OBSERVATIONS
654 337 729 415 OF
765 336 1036 415 COLOGNE

31 522 156 595 Sancta
178 521 307 611 Maria,
330 521 452 595 Sancta
475 522 604 611 Maria,
625 520 777 595 clemens
797 521 855 622 pia
875 520 1033 595 Domina
1055 536 1184 609 nostra,

30 618 84 695 fac
109 646 175 694 nos
199 621 271 694 tuis
296 621 457 720 precibus
480 639 658 694 consortes
682 621 832 696 coelestis
856 621 988 723 gloriae.
1040 622 1183 694 Versus.

31 721 75 794 In
105 721 203 795 omni
234 720 460 794 tribulatione
490 723 523 794 ἃ
552 721 715 821 angustia
745 723 863 795 nostrl
892 746 1052 795 succurre
1082 719 1185 793 nobis

30 820 231 894 beatissima
252 821 365 922 Virgo
390 821 518 893 Maria.

524 969 689 1043 Oremus.

81 1101 311 1176 Famulorum
327 1120 472 1176 tuorum
486 1127 691 1203 quesumus
705 1100 863 1175 Domine
878 1099 1015 1175 delictis
1029 1102 1182 1203 ignosce,

29 1219 72 1277 ut
90 1203 153 1318 qui
175 1200 240 1276 tibi
259 1200 392 1301 placere
410 1203 455 1277 de
475 1201 611 1275 actibus
631 1202 760 1274 nostris
780 1226 852 1274 non
871 1199 1063 1291 valeamus,
1083 1202 1183 1302 geni·

28 1303 125 1378 triers
147 1301 209 1376 filii
233 1303 286 1376 tui
309 1301 459 1376 Domini
482 1301 554 1376 Dei
578 1302 688 1374 nostri
711 1301 957 1374 intercessione
981 1300 1178 1377 salvemur:

27 1402 99 1476 Per
120 1402 275 1476 eundem
297 1402 480 1476 Christum
503 1400 705 1475 Dominum
728 1417 900 1474 nostrum.
952 1401 1081 1476 Amen.

219 1551 321 1625 Here
342 1547 520 1628 followeth
541 1578 562 1624 a
582 1551 710 1625 second
730 1576 853 1650 prayer
873 1567 911 1623 to
932 1551 992 1624 the
1206 1565 1249 1647 [p.
1264 1566 1348 1647 ⁶¹5·]

471 1652 599 1752 Virgin
616 1651 734 1749 Mary.

79 1785 115 1858 O
134 1784 293 1859 Domina
313 1811 391 1859 mea
412 1785 534 1858 Sancta
555 1785 685 1874 Maria,
706 1810 763 1858 me
784 1787 821 1859 in
842 1803 941 1859 tuam
961 1784 1181 1861 benedictam
1209 1799 1339 1858 Armi

26 1884 146 1977 fidem,
166 1910 205 1958 ac
225 1884 438 1986 singularem
458 1885 667 1974 custodiam,
687 1884 777 1958 &in
798 1885 915 1958 sinum
935 1885 1180 1961 misericordia
1201 1891 1337 1976 ΜΝ
1349 1881 1391 1940 ‘l‘

28 2001 99 2058 ωε
123 1983 228 2059 hodie
250 1987 283 2058 a
307 1985 478 2085 quotidie,
502 1984 536 2058 a
557 1986 594 2058 n
619 1985 703 2057 lora
726 1985 843 2058 exitus
865 1986 947 2075 mer,
971 1985 1005 2059 a
1025 1986 1180 2059 animam
1208 1961 1311 2037 affl,

26 2083 208 2255 &corpus
231 2110 352 2157 meum
374 2084 439 2157 tibi
461 2085 694 2159 commendo:
724 2109 868 2157 omnem
890 2109 989 2184 spem
1011 2084 1181 2158 meam&

26 2208 134 2256 conso
147 2183 303 2256 ationem
329 2208 455 2274 meam,
481 2208 605 2257 omnes
629 2186 810 2285 angustias
834 2186 866 2258 δι
892 2185 1048 2258 miserias
1073 2210 1179 2274 meas,

26 2282 140 2359 vitam
164 2284 198 2355 ἃ
222 2283 329 2356 finem
354 2284 438 2356 vitae
465 2309 550 2356 merc
577 2284 642 2357 tibi
668 2285 864 2357 committo.
917 2283 967 2359 Et
993 2310 1056 2383 per
1081 2301 1180 2358 tuam

28 2382 281 2455 sanctissimam
312 2383 596 2456 intercessionem
627 2382 661 2456 δι
691 2399 861 2482 perpetua
891 2384 1026 2473 merita,
1059 2384 1178 2458 omnia

25 2505 105 2596 mea
140 2481 339 2597 dirigantur
373 2483 405 2555 δι
440 2482 674 2581 disponantur
709 2507 814 2582 opera
850 2485 1045 2558 secundum
1081 2501 1178 2557 tuam

26 2596 152 2681 tuaque
170 2580 232 2654 filu
251 2580 484 2655 voluntatem.
536 2582 665 2656 Amen.

78 2730 121 2802 In
152 2731 299 2805 another
330 2732 405 2806 side
435 2729 479 2804 of
510 2732 569 2805 the
601 2732 744 2806 Church
777 2733 793 2804 I
825 2733 908 2807 read
940 2733 1010 2806 this
1040 2759 1174 2833 prayer,

25 2829 167 2928 printed
191 2831 227 2903 in
250 2857 270 2903 a
292 2848 392 2929 prety
413 2829 504 2904 little
526 2830 619 2905 table
642 2831 710 2904 han
737 2831 781 2906 ed
804 2858 854 2931 up
876 2850 912 2905 at
934 2858 1002 2905 one
1024 2831 1068 2906 of
1089 2834 1180 2908 their

24 2928 255 3004 candlesticks
274 2931 436 3031 together
452 2931 539 3005 with
557 2931 659 3004 other
677 2857 787 3006 tables
804 2933 944 3007 written
963 2933 999 3005 in
1017 2931 1151 3007 Dutch.

234 3071 360 3145 Oratio
378 3072 527 3145 studiosi
545 3072 589 3147 ad
608 3073 768 3146 Sanctam
786 3071 968 3147 Ursulam.

75 3210 158 3312 Ego
181 3238 238 3287 me
259 3214 292 3285 ἃ
313 3229 472 3311 parentes
494 3213 828 3314 &consanguineos
851 3239 960 3304 meos,
983 3238 1177 3315 omnesque
1202 3229 1233 3287 A
1239 3240 1376 3305 prayeru

25 3312 113 3384 mihi
144 3310 234 3386 bene
264 3309 433 3404 faventes,
465 3330 535 3386 tuae
566 3313 804 3387 intercessioni
836 3314 858 3386 ὃ
890 3313 1013 3387 Sancta
1044 3312 1177 3388 Ursula
1203 3310 1229 3369 ⁸·
1249 3306 1355 3368 Ursulo.

25 3412 247 3485 commendo.
299 3410 349 3486 Et
380 3436 470 3512 rogo
594 3412 837 3513 virginitatem
869 3429 968 3487 tuam
1000 3430 1040 3487 ut
1072 3412 1176 3488 nobis

25 3507 271 3585 fortitudinem
288 3511 326 3584 in
342 3438 765 3587 resistendibrdaemonum
782 3513 931 3604 insidiis,
947 3513 1179 3588 constantiam

25 3611 62 3683 in
87 3608 369 3701 adversitatibus,
395 3612 620 3710 prudentiam
644 3613 681 3687 in
705 3612 903 3688 actionibus
928 3614 1068 3706 nostris,
1093 3638 1176 3686 con-

24 3707 143 3782 silium
159 3711 196 3782 in
211 3708 317 3784 rebus
333 3712 463 3804 dubiis,
480 3711 567 3785 mihi
584 3709 739 3786 foelicem
754 3738 979 3814 progressum
996 3714 1032 3786 in
1049 3712 1177 3788 studiis

24 3809 114 3882 meis
136 3809 156 3883 ὲ
179 3808 341 3883 Domino
365 3829 485 3885 nostro
510 3811 595 3906 Jesu
619 3811 762 3885 Christo
786 3813 972 3912 impetrare
996 3813 1175 3914 digneris3

24 3908 156 4008 tuique
189 3910 405 3984 sanctissima
438 3911 684 3986 intercessione
718 3936 782 3986 nos
814 3911 1024 3986 delictorum
1057 3914 1177 3987 catena

23 4009 229 4082 constrictos
265 4009 411 4101 solvere,
447 4036 486 4084 ac
521 4010 682 4085 salutaria
716 4012 853 4110 corpori
887 4037 926 4085 ac
960 4013 1079 4085 animo
1114 4038 1176 4112 pet

23 4106 286 4183 nobilissimum
310 4112 518 4211 sanguinem
543 4127 659 4201 tuum,
683 4137 790 4211 quem
813 4136 877 4210 pro
900 4112 1033 4186 Christi
1056 4138 1175 4186 amore

23 4205 210 4282 effundere
231 4235 304 4283 non
326 4210 566 4308 perhorruisti,
590 4236 709 4312 quasso
730 4211 951 4310 expostulare
973 4237 1046 4285 non
1068 4212 1175 4286 inter·

572 4346 630 4406 ³³9
