3022 5040
459 318 736 397 CORYAT’S
772 316 1085 396 CRUDITIES

7 521 58 599 (m
72 504 100 561 ³¹¹
196 505 273 579 Nec
296 505 405 580 dubia
428 521 492 594 est,
517 500 626 577 facitis
650 529 714 576 nos
737 503 861 576 semita
883 504 989 577 ducet
1013 519 1149 591 euntes,

3 603 49 644 '⁸‘
62 584 142 659 ‘su‘
246 605 427 679 Omnibus
447 620 500 679 est
522 604 633 704 signis
654 603 766 677 &via
787 619 871 676 uota
892 602 975 676 suis.

15 708 22 723 ’
195 705 263 780 Est
279 704 377 779 locus
394 703 541 778 excultis
558 700 868 804 genialis&utilis
884 702 1007 791 hortis,

245 804 408 880 Collibus
427 803 562 903 apricis,
585 802 852 903 pampineisque
869 801 978 975 jugis

195 903 279 999 Qua
303 905 412 978 Nicer
437 901 587 978 excelsas
611 904 716 977 Pater
741 901 841 976 alluit
866 929 903 976 rn
936 919 1018 999 ytus
1043 926 1148 992 arces,

245 1005 296 1080 Et
318 1030 432 1104 prono
454 1004 624 1077 Rhenum
648 998 818 1101 spumifer
839 1027 942 1074 amne
966 1001 1073 1075 subit.

194 1104 278 1200 Qul
301 1103 539 1203 myrtillorum
562 1119 721 1176 montem
744 1101 868 1201 probat
891 1127 965 1176 esse
989 1100 1172 1191 Melissus,

246 1204 322 1300 Qui
347 1202 538 1303 Myrtilleti
562 1228 692 1275 nomen
715 1202 752 1275 in
774 1218 864 1275 astra
886 1200 979 1275 tulit.

195 1307 272 1381 ch
290 1304 466 1405 specimen
484 1320 609 1377 natura
626 1301 705 1392 loci,
724 1301 922 1474 peniusque
939 1299 1081 1391 locavit,

246 1405 368 1505 Copiae
389 1407 423 1480 a
445 1404 500 1478 hlc
521 1429 631 1476 cornu
652 1399 732 1477 ferti
745 1428 777 1493 e,
799 1402 901 1492 dixit,
922 1401 1022 1474 habe.

196 1507 352 1582 Ubertas
373 1531 492 1579 rerum
515 1502 621 1576 nullis
643 1498 777 1576 felicibs
797 1501 902 1588 arvis,

246 1607 322 1680 ch
345 1605 480 1695 Bacchi,
506 1603 561 1676 hlc
584 1603 722 1677 Cereris
745 1601 844 1700 copia
868 1617 964 1674 tanta
986 1601 1096 1674 venit.

196 1708 339 1780 Horrea
365 1704 567 1778 distendant
593 1720 634 1776 ut
660 1699 781 1802 fruges
805 1703 907 1800 saepe,
933 1699 1048 1774 coloni

245 1804 452 1903 Respondet
473 1803 568 1876 votis
589 1819 662 1876 tam
683 1802 773 1875 benb
792 1800 909 1875 cultus
928 1826 1021 1902 ager.

196 1907 294 2004 Saepe
318 1930 380 2002 per
404 1920 619 1975 autumnum
643 1901 842 2001 superantia
867 1926 1012 1974 munera
1037 1900 1172 1990 Bacchi,

245 2004 408 2078 Condere
430 2003 498 2075 rite
520 2027 600 2074 suas
621 2002 723 2100 copia
746 2001 854 2075 nescit
877 2026 972 2099 opes.

195 2102 297 2198 Quin
318 2129 380 2176 sua
401 2103 492 2200 saepe
511 2117 614 2174 nocet
634 2101 772 2175 lascivis
790 2101 890 2200 copia
910 2100 1053 2191 Faunis,

245 2201 331 2297 Quo
358 2202 464 2274 nimls
490 2218 638 2274 occoecat
665 2201 837 2302 prodigus
863 2226 949 2274 usus
974 2201 1096 2300 opum.

82 2380 90 2396 ,
194 2305 244 2378 Et
266 2302 472 2376 dubitamus
492 2301 607 2375 adhuc
627 2301 710 2374 dare
731 2317 872 2400 pectora
890 2317 989 2474 gbrata
1009 2300 1122 2375 datori

244 2403 377 2474 Nostra
394 2401 488 2490 Deo,
507 2401 614 2474 tantis
631 2400 769 2474 coelitbs
786 2417 887 2474 aucta
928 2399 1029 2474 onis?

195 2504 264 2576 Sed
286 2500 479 2600 designatis
502 2527 546 2573 ne
568 2499 716 2574 collibus
737 2500 843 2575 altius
864 2501 952 2590 istis,

244 2601 436 2673 Terminus
460 2600 516 2673 hic
542 2602 690 2699 positus,
716 2601 994 2701 progrediamur,
1020 2600 1097 2673 erit.

195 2699 356 2774 Collibus
380 2700 523 2772 Heroes
547 2700 649 2798 prisci
675 2701 730 2773 his
753 2701 926 2774 habitasse
950 2698 1123 2789 feruntur,

245 2800 367 2871 Servat
393 2799 507 2873 adhuc
534 2801 633 2874 sedes
659 2801 760 2900 signa
785 2801 962 2901 decusque
987 2802 1146 2874 Petrum.

195 2900 262 2973 Sed
278 2916 402 2998 praeter
416 2917 580 2974 veterum
595 2917 826 2973 monumenta
841 2918 992 3000 augusta
1005 2902 1197 2974 Parentum

244 2998 308 3071 Nil
331 2999 429 3097 prius
451 2999 637 3073 Aonidum
659 3001 791 3074 vertice
813 2999 911 3073 collis
934 3001 1049 3073 habet.

194 3100 296 3173 Dum
313 3096 411 3171 licuit
429 3096 543 3171 cultos
560 3099 625 3172 hos
641 3099 728 3171 olim
745 3100 956 3173 intravimus
974 3101 1106 3190 hortos,

243 3197 294 3270 Et
316 3199 460 3296 posthac
484 3214 625 3297 tempus
646 3200 761 3273 visere
784 3196 899 3273 forsan
922 3200 999 3274 erit.

194 3298 302 3372 Nunc
324 3322 401 3396 age,
426 3294 476 3369 fas
499 3298 618 3398 magni
642 3300 714 3371 Vas
737 3300 845 3373 instar
867 3299 981 3373 visere
1004 3300 1146 3390 montis,

243 3397 379 3471 Divina
406 3414 579 3471 structum
605 3397 758 3473 Palladis
784 3418 858 3473 arte
884 3400 1021 3474 cadum.

193 3496 260 3572 Vel
280 3498 456 3596 Cuppam,
477 3496 536 3570 vel
556 3523 628 3599 quo
649 3515 685 3573 te
705 3498 836 3572 molem
858 3501 1002 3574 nomine
1022 3499 1147 3588 dicam,

245 3599 314 3670 Seu
333 3613 544 3686 monstrum,
564 3597 659 3671 salva
678 3615 713 3672 te
731 3599 872 3698 pietate,
894 3624 1028 3673 vocem.

193 3697 394 3773 Authorem
415 3696 565 3795 primam
587 3698 616 3770 si
638 3698 780 3773 Pallada
800 3701 895 3773 vasis
915 3700 1097 3789 habemus,

244 3797 355 3896 (Nam
373 3822 491 3869 rerum
509 3797 676 3871 artificem
695 3816 749 3872 tot
768 3826 916 3898 posuere
935 3801 1078 3899 Deam.)

195 3898 356 3972 Invideat
377 3897 541 3986 Bacchus,
562 3898 693 3999 fiatque
712 3898 841 4000 injuria
859 3900 977 3989 Divae,

244 3997 338 4070 Cum
364 3995 497 4069 Baccho
521 3998 607 4096 quid
633 3999 728 4071 enim
754 3999 905 4072 mascula
928 3998 1043 4073 Pallas
1066 4000 1194 4075 habet?

193 4099 363 4172 Vitisator
388 4096 475 4169 Dux
500 4121 576 4168 acer
600 4097 704 4186 ades;
743 4098 807 4171 tibi
834 4115 950 4171 nostra
976 4118 1146 4198 parentet,

242 4199 298 4272 Te
323 4197 434 4268 Musa
456 4196 641 4270 authorem
665 4197 753 4272 Dux
776 4198 947 4273 Casimire
970 4200 1073 4274 canit.

743 4335 801 4376 222
