3022 5040
449 304 723 381 CORYAT'S
761 303 1078 380 CRUDITIES

30 483 128 560 ΕΜ
140 496 164 543 10
187 501 367 560 contextas
391 484 710 560 observatiunculas
733 484 794 558 tibi
818 487 924 558 mitto
945 489 1059 582 ὥσπερ
1079 484 1112 554 ἐν
1132 493 1176 568 τῆ
1192 485 1350 575 ἐπιτομῆ,

32 566 139 703 ἓξΨΥ
188 587 357 685 quoniam
371 587 563 684 epistolaris
580 587 644 659 ista
661 586 810 659 brevitas
823 587 918 685 cogit
935 610 993 658 me
1011 587 1085 659 illas
1102 602 1349 686 coangustare,

68 665 161 705 asem.
186 688 223 759 δι
249 688 285 759 in
311 686 425 760 multo
451 689 656 760 succinctius
683 685 932 782 compendium
960 687 1140 774 reducere,
1199 687 1283 760 uam
1310 688 1348 758 in

187 812 267 858 meo
284 784 490 886 ιἰιιτογράφῳ
507 786 695 884 exemplari
712 787 857 859 exaravi.
910 786 992 858 Has
1015 804 1056 859 ut
1076 714 1348 887 aequibonique

186 886 358 975 consulas,
377 890 488 961 donec
505 889 541 959 in
559 886 736 985 publicum
755 883 866 958 fusius
885 888 1053 984 scriptum
1072 913 1194 960 meum
1217 888 1347 960 hodoe·

186 988 345 1085 poricum
379 987 634 1086 divulgaverim
669 1003 750 1085 post
783 1011 877 1059 meas
903 985 1116 1087 longinquas
1142 989 1347 1088 peregrina-

186 1088 312 1178 tiones,
356 1088 542 1187 Belgicam,
585 1087 798 1173 Saxonicum,
843 1087 1026 1173 Danicam,
1061 1087 1345 1179 Alemannicam,

185 1187 370 1277 Suecicam,
388 1188 603 1277 Polonicam,
623 1187 865 1284 Hispanicam,
883 1187 1026 1259 alteram
1045 1188 1152 1260 etiam
1172 1189 1343 1277 Italicam,

186 1288 350 1380 Siculam,
364 1289 546 1375 Scoticam,
558 1287 802 1374 Hibernicam,
814 1287 1070 1374 Germanicam,
1082 1288 1343 1388 AEgyptim,

62 1436 63 1440 =
185 1414 223 1462 ac
248 1390 401 1488 denique
427 1388 789 1485 Hierosolymitanam
808 1389 907 1484 (nam
925 1412 1050 1459 omnes
1068 1389 1155 1462 istas
1181 1391 1345 1489 regiones

185 1490 214 1562 si
240 1515 310 1561 non
337 1515 537 1588 peragrare,
549 1488 671 1562 saltem
698 1489 846 1562 invisere
867 1490 943 1558 θεοῦ
961 1485 1107 1564 διδόντος
1128 1490 1286 1587 decrevi)
1310 1507 1345 1565 te

144 1662 148 1671 ,
185 1589 342 1687 impense
359 1615 459 1689 rogo.

235 1692 270 1764 A
299 1692 440 1766 Badend
467 1691 578 1790 igitur
606 1689 722 1763 vestri
751 1688 943 1763 Helvetict
971 1689 1159 1764 exordium
1189 1716 1342 1764 sumam.

186 1792 241 1865 Ibi
257 1789 420 1864 sacellum
434 1790 614 1891 quoddam
628 1814 738 1888 prope
752 1788 928 1862 basilicam
943 1806 1168 1865 mortuorum
1182 1790 1344 1865 calvariis

186 1909 292 1992 atque
319 1890 458 1963 ossibus
485 1890 574 1965 adeb
601 1887 764 1963 refertam
792 1889 880 1982 vidi,
910 1909 951 1964 ut
979 1889 1129 1963 alterum
1157 1890 1345 1992 Golgotha

185 1991 302 2064 vocari
325 2016 397 2063 non
418 1990 597 2063 immerito
618 1991 739 2089 possit.
792 1987 957 2063 Profecto

349 2141 544 2238 Obstupui,
565 2141 832 2240 steterdntque3
865 2165 1177 2214 comte——

184 2290 341 2387 Qrando
374 2291 490 2389 primo
523 2290 696 2364 infinitam
729 2290 826 2364 illam
857 2291 1060 2391 congeriem
1092 2293 1342 2369 animadverti.

185 2392 282 2466 Reor
321 2391 488 2491 equidem
528 2391 586 2466 die
627 2392 752 2465 mundi
793 2392 989 2465 novissimo
1030 2409 1143 2466 totam
1184 2397 1345 2493 myriada

184 2493 381 2565 animarum
406 2491 464 2565 illa
489 2517 567 2564 ossa
590 2507 860 2590 resumpturam.
914 2491 1090 2565 Badenses
1114 2491 1193 2566 illos
1218 2520 1344 2594 super-

185 2592 391 2665 stitionibus
411 2591 597 2690 Papisticis
619 2593 652 2665 &
673 2591 863 2666 idolatricis
884 2590 1039 2665 cultibus
1062 2619 1167 2692 supra
1189 2597 1344 2670 modum

185 2692 343 2766 addictos
373 2691 570 2765 observavi.
623 2692 719 2764 Nam
749 2690 918 2790 plurimas
948 2692 1121 2792 imagines
1150 2694 1194 2768 ad
1226 2695 1342 2769 idolo-

185 2791 321 2865 latriam
352 2809 546 2890 spectantes
576 2792 614 2864 in
644 2791 783 2865 basilici
813 2792 900 2866 vidi.
953 2793 1228 2884 Hinderhoviae,
1260 2822 1342 2896 quae

185 2892 316 2992 exiguo
334 2891 519 2965 intervallo
536 2892 643 2966 distat
660 2893 680 2964 δ
697 2892 838 2966 Βαάεηὲ
854 2891 1000 2966 lustravi
1018 2910 1151 2966 vestras
1169 2895 1340 2970 Helveti-

184 3018 240 3065 cas
264 2992 427 3083 thermas,
452 2994 524 3093 qud
548 3017 675 3092 magna
699 2991 821 3090 populi
847 2990 1041 3067 multitudo
1064 2996 1084 3066 a
1107 2993 1231 3067 multis
1253 2994 1341 3070 locis

183 3090 402 3163 circumcirca
426 3092 552 3188 partim
579 3097 635 3171 τῆς
656 3087 824 3188 διατριβῆς
848 3096 947 3178 tarra,
975 3093 1101 3188 partim
1128 3092 1339 3168 morborum

183 3192 421 3264 curandorum
436 3193 537 3264 causa
550 3206 634 3263 tunc
649 3191 860 3265 confluebat.
898 3191 1119 3266 Particularia
1132 3193 1253 3266 balnea
1267 3221 1339 3267 non

183 3291 301 3364 minus
329 3293 508 3391 sexaginta
535 3291 603 3364 illic
634 3293 826 3365 numeravi.
886 3292 1068 3365 Peculiare
1093 3292 1267 3389 σύνταγμα
1295 3297 1341 3369 de

184 3391 327 3465 illorum
350 3393 484 3466 virtute
509 3393 683 3492 scripsisse
706 3393 972 3466 celeberrimum
996 3393 1098 3467 illum
1123 3411 1201 3468 tum
1225 3397 1339 3471 modi-

184 3517 266 3565 cum
290 3509 368 3565 tum
391 3492 642 3591 philosophum
667 3494 869 3566 Henricum
892 3492 1144 3567 Pantaleonem
1168 3495 1338 3570 Basilien-

185 3618 258 3665 sem
285 3592 407 3666 retulit
435 3593 521 3666 mihi
551 3593 696 3694 quidam
723 3619 831 3695 quem
859 3594 896 3666 in
924 3593 1049 3668 balneo
1077 3595 1234 3695 quodam
1263 3623 1338 3672 sese

184 3693 361 3767 lavantem
382 3693 458 3767 vidi
482 3694 649 3768 sacerdos.
704 3694 772 3768 Sed
793 3696 838 3769 de
859 3720 975 3768 errore
997 3720 1077 3767 meo
1099 3696 1136 3768 in
1158 3697 1217 3769 via
1239 3714 1338 3771 ante-

184 3818 291 3893 quam
317 3794 354 3866 in
379 3791 438 3866 illa
462 3792 585 3867 balnea
610 3794 762 3868 incidere
787 3820 939 3893 possem,
966 3795 1084 3894 scripsi
1110 3795 1148 3868 in
1173 3796 1338 3895 Epistola

184 3894 261 3966 med
276 3894 320 3968 ad
336 3893 537 3966 Dominum
554 3894 835 3992 Hospinianum,
852 3920 971 3995 quam,
987 3895 1015 3966 si
1032 3894 1211 3993 placuerit,
1228 3896 1336 3999 legas.

185 3992 227 4065 In
255 3991 562 4092 Kiningsfeldiano
590 3993 814 4067 Monasterio
841 3996 950 4167 prop&
976 3995 1156 4070 civitatem
1182 3998 1336 4090 Brooke,

183 4094 281 4193 quod
317 4093 389 4192 jam
426 4093 577 4191 pertinet
613 4093 657 4167 ad
693 4093 872 4167 Dominos
938 4120 1111 4185 ernenses,
1148 4097 1336 4173 observavi

183 4210 456 4268 monumentum
470 4193 644 4293 Leopoldi
659 4193 776 4268 ultimi
791 4195 870 4294 ejus
883 4195 1197 4271 nominisAustriae
1211 4198 1337 4290 Ducis,

729 4330 786 4385 114
