3022 5040
296 316 535 394 GEORGE
571 319 845 396 CORYAT'S
882 320 1073 396 POEMS

110 617 187 695 Pro
232 619 412 726 quinque
455 621 575 699 minis
619 623 693 699 tria
742 622 861 700 verba
904 623 1049 729 scripta
1097 620 1261 699 nomine

192 731 409 837 gratiarum
439 733 605 812 actionis
635 738 675 815 δι
704 733 981 813 valedictionis
1014 732 1062 811 ad
1094 732 1260 811 eandem

192 868 264 949 per
294 843 478 923 eundem.

158 1005 229 1175 SI
248 1005 335 1077 mihi
352 1031 424 1077 non
442 1006 565 1102 parcis,
584 1032 656 1078 non
673 1007 786 1079 audeo
803 1007 918 1079 dicere
935 1006 1083 1079 verbum
1100 1034 1109 1080 ε

262 1107 315 1178 At
331 1105 418 1177 mihi
436 1131 535 1202 parce
553 1131 687 1203 precor,
706 1107 768 1180 sed
785 1108 851 1180 tria
866 1109 973 1181 verba
990 1108 1066 1179 tibi.

608 1274 753 1348 NUBE

155 1424 265 1539 Quod
283 1424 400 1541 scripsi
418 1449 532 1540 spero,
548 1425 647 1523 quod
656 1450 774 1598 giem·
784 1425 936 1523 postulo,
955 1425 1074 1516 Nube,

206 1525 259 1596 Sic
277 1524 352 1613 tibi,
370 1550 417 1597 sic
434 1541 552 1623 patnae
569 1549 655 1597 cons
694 1551 713 1598 e
730 1526 843 1624 Virgo
860 1542 940 1599 tuae.

621 1691 745 1764 VlVE

155 1843 209 1915 Sic
227 1842 308 1914 vive
326 1858 367 1914 ut
383 1843 491 1933 vivas,
509 1843 557 1915 sic
574 1867 724 1942 regnum
742 1843 853 1942 dirige
871 1843 1049 1939 Princeps,

204 1941 260 2014 Ut
277 1943 339 2014 tibi
357 1942 402 2015 sit
418 1942 545 2040 proles,
563 1968 641 2042 quae
658 1959 720 2015 tua
738 1967 844 2041 regna
861 1958 969 2041 regat.

602 2109 739 2182 VALE

155 2258 241 2330 Hoc
259 2257 321 2330 tibi
339 2274 557 2355 postremum
576 2259 712 2333 dicetur
728 2261 880 2332 carmine
897 2261 1058 2350 verbum,

204 2359 314 2453 Quod
332 2374 426 2456 peto,
444 2360 544 2457 quod
561 2361 690 2460 rogito,
707 2360 806 2459 quod
824 2385 958 2458 precor,
976 2384 1051 2449 ore,

602 2509 753 2585 VALE.

162 2796 225 2874 De
255 2796 475 2901 insignibus
504 2795 662 2904 Angliae
693 2796 741 2875 ad
771 2795 939 2874 eandem
968 2797 1009 2874 in
1040 2795 1197 2902 Angliae

364 2907 675 3014 descriptionem
703 2935 776 3015 per
805 2907 987 2987 eundem.

252 3067 313 3141 Inc
330 3069 405 3141 Leo
423 3068 558 3141 &inde
576 3068 694 3142 Draco
711 3093 868 3167 parmam
886 3069 946 3168 qui
962 3068 1122 3155 sustinet,
1141 3069 1203 3141 iste

300 3168 509 3255 prudentes,
528 3167 661 3242 validos
678 3170 824 3243 denotat
841 3168 898 3241 ille
915 3169 1032 3241 duces.

152 3268 225 3362 Qui
241 3267 370 3365 pariter
386 3283 520 3341 certant
536 3268 691 3342 Domina
709 3268 776 3341 sub
792 3267 952 3366 Principe
970 3267 1085 3368 (cujus

204 3368 400 3440 Praelucent
417 3368 535 3441 medio
552 3385 738 3442 stemmata
754 3369 821 3441 fixa
837 3368 931 3465 loco)

154 3468 368 3540 Sustinuisse
385 3468 540 3541 humeris
557 3468 590 3540 R
668 3470 699 3542 ia
715 3467 887 3566 Principis
903 3494 1009 3555 arma,

204 3568 352 3666 Ingenio
369 3568 433 3641 iste
451 3593 528 3659 suo,
545 3570 610 3642 viri
636 3594 678 3642 us
695 3569 753 3642 ille
770 3569 851 3641 suis.

1014 4166 1195 4269 [Praefatio
1218 4169 1257 4243 in
