3022 5040
576 334 853 414 CORYAT’S
887 330 1203 412 CRUDITIES

314 524 409 596 cives
444 546 577 595 sumus.
642 518 693 593 Et
751 520 789 593 ui
824 519 957 592 Christi
992 518 1226 605 ma'estatem,
1262 515 1467 615 potentiam,

316 621 475 723 factaque
494 621 709 710 admiranda,
727 545 763 694 h
781 619 989 694 Christiane
1008 543 1091 692 fidei
1112 616 1283 715 mysteria
1304 616 1469 717 cognovi-

317 748 408 814 mus,
455 722 561 795 fidem
609 736 764 793 nostram
811 718 953 793 illorum
999 717 1161 817 exemplo
1207 717 1466 790 confirmemus

317 823 441 922 ltaque
466 847 548 894 cum
573 822 610 893 in
635 819 791 894 Ecclesia
815 817 1007 909 Catholicis,
1033 844 1111 919 quae
1135 817 1222 891 verb
1247 815 1467 907 *Bethleem

317 948 379 995 seu
398 922 528 995 domus
547 921 647 1019 panis
666 936 731 1012 est,
752 920 847 994 idem
866 919 999 993 Christi
1019 943 1145 1017 corpus
1164 917 1329 990 externis
1350 919 1468 1017 specie

316 1020 383 1094 bus
422 1036 592 1120 tanquam
631 1017 746 1093 fasciis
785 1017 1000 1093 obvolutum
1039 1018 1195 1117 ponitur,
1237 1033 1467 1105 consecratur,

315 1119 478 1211 offertur,
503 1121 666 1209 sumitur,
689 1137 751 1193 aut
774 1119 903 1220 quovis
926 1119 1035 1193 modo
1057 1117 1160 1191 nobis
1180 1134 1463 1217 representatur:

315 1220 509 1294 excitemur
528 1221 659 1309 animo,
681 1220 990 1318 horrescamusque
1009 1220 1043 1292 δι
1061 1242 1168 1319 quam
1187 1218 1294 1292 decet
1315 1218 1366 1292 ad
1386 1234 1468 1292 tenu

316 1319 492 1417 mysteria,
510 1321 543 1394 bt
560 1320 669 1393 animi
687 1320 854 1419 pietatem
871 1321 904 1394 dt
921 1318 1153 1392 reverentiam
1170 1317 1337 1417 corporis
1354 1316 1469 1392 affers·

316 1446 407 1493 mus.
473 1419 575 1493 Nihil
612 1445 677 1493 nos
714 1419 901 1493 conturbet
937 1418 1189 1519 cogitationem
1227 1418 1381 1509 fluctus,
1418 1442 1470 1491 net

316 1545 485 1594 sensuum
511 1516 614 1593 fallax
638 1519 825 1620 judicium,
852 1518 941 1592 nihil
966 1519 1209 1592 hereticorum
1236 1515 1470 1594 fabulationes

316 1636 505 1693 moveant:
549 1621 610 1695 sed
645 1619 717 1693 Dei
753 1619 904 1693 verbum
939 1636 1051 1693 certos
1087 1615 1202 1691 faciat.
1258 1614 1469 1713 ⁸Qronianr

315 1721 402 1819 ergb
430 1717 488 1792 ille
516 1719 606 1793 dixit
635 1720 720 1792 Hoc
748 1736 801 1792 est
826 1744 955 1818 corpus
982 1743 1125 1792 meum:
1161 1716 1260 1790 nulla
1289 1736 1470 1793 tenesmis

315 1817 559 1933 ambiguitate,
589 1819 650 1893 sed
677 1819 870 1908 credamus,
899 1820 932 1892 dt
959 1817 1070 1892 oculis
1098 1815 1302 1891 intellectus
1332 1820 1375 1894 id
1400 1844 1468 1919 prr·

317 1918 515 2016 spic1amus,
536 1943 575 1990 ac
596 1920 742 2016 postrati
763 1944 983 1992 veneremur.

709 2134 850 2215 Oratio
874 2135 1073 2216 Ecclesiae.

313 2295 459 2368 Versus.
496 2296 610 2395 Reges
627 2296 773 2368 Tharsis
791 2297 829 2369 dc
847 2295 977 2369 lnsulae
995 2320 1141 2369 munera
1151 2294 1329 2389 offerunt,

314 2395 468 2493 Respon.
494 2396 610 2496 Reges
627 2395 784 2470 Arabum
807 2397 844 2469 dc
863 2396 949 2470 Saba
965 2396 1060 2470 dona
1075 2396 1266 2470 adducent.
1331 2308 1466 2484 lm„

568 2613 660 2693 The
680 2616 908 2721 quotations
929 2611 977 2693 of
990 2613 1060 2694 the
1080 2613 1210 2694 ninth.

366 2773 468 2848 lLeo
490 2800 591 2848 serm.
617 2797 637 2848 2
660 2776 705 2849 de
726 2775 936 2874 Epiphania.
989 2773 1153 2848 ²Matth.
1177 2795 1211 2848 2.
1265 2774 1464 2851 ³Chrisost.

316 2873 459 2947 homilia
483 2896 530 2968 24
552 2877 588 2948 in
616 2901 629 2947 1
655 2877 700 2950 ad
722 2876 884 2950 Corinth.
907 2874 1029 2948 homil.
1054 2877 1075 2948 6
1098 2875 1142 2948 ad
1164 2875 1347 2974 populum
1369 2878 1464 2951 Anti·

314 2973 499 3047 ochenum.
553 2973 777 3091 ⁴Greg0rius
801 2976 961 3076 Magnus
984 2975 1129 3076 homilia
1153 2981 1171 3050 8
1197 2976 1234 3048 in
1257 2974 1464 3079 Evangelia

315 3071 524 3171 ⁶Chrysost.
549 3074 693 3148 homilra
717 3081 735 3150 8
741 3100 761 3169 3
787 3076 823 3148 in
848 3075 1075 3149 Matthaeum.

460 3276 557 3354 Also
578 3274 657 3355 this
677 3274 884 3385 following
904 3279 945 3356 in
967 3276 1036 3358 the
1056 3304 1163 3356 same
1182 3275 1326 3358 Table.

364 3452 466 3525 Deus
498 3452 714 3526 illuminator
745 3454 907 3526 omniurn
938 3455 1114 3554 gentium,
1146 3454 1190 3527 da
1220 3479 1269 3552 po
1295 3453 1372 3530 ulis
1404 3457 1465 3531 tuis

359 3553 483 3650 rpetua
513 3579 595 3651 pace
624 3554 790 3653 gaudere,
821 3555 854 3628 δι
883 3552 972 3629 illud
1003 3553 1123 3627 lumen
1154 3552 1253 3652 splen
1281 3556 1391 3630 idum
1420 3558 1464 3629 iu·

355 3653 424 3767 nde
449 3653 613 3768 cordibus
639 3654 778 3743 nostris,
805 3654 902 3755 quod
928 3655 1036 3727 trium
1064 3655 1260 3754 Magorum
1288 3657 1465 3731 mentibus

313 3767 482 3849 aspirasti.

805 3951 973 4056 Againe.

364 4108 522 4180 Laetetur
566 4106 721 4181 Ecclesia
768 4125 828 4182 tua
873 4109 976 4183 Deus
1022 4109 1212 4182 Beatorum
1260 4111 1462 4211 Martynun

314 4225 459 4280 tuorum
488 4206 638 4299 Foelicis,
667 4208 833 4298 Naboris,
861 4210 894 4283 dt
922 4210 1086 4309 Gregorii
1114 4209 1243 4282 confisa
1272 4211 1461 4314 suffragiis,

859 4344 920 4404 ³²4
