<?xml version="1.0" encoding="UTF-8"?>
<!DOCTYPE html PUBLIC "-//W3C//DTD XHTML 1.0 Transitional//EN"
    "http://www.w3.org/TR/xhtml1/DTD/xhtml1-transitional.dtd">
<html xmlns="http://www.w3.org/1999/xhtml" xml:lang="en" lang="en">
 <head>
  <title>
</title>
<meta http-equiv="Content-Type" content="text/html;charset=utf-8" />
  <meta name='ocr-system' content='tesseract 3.04.00' />
  <meta name='ocr-capabilities' content='ocr_page ocr_carea ocr_par ocr_line ocrx_word'/>
</head>
<body>
  <div class='ocr_page' id='page_1' title='image "./posthumafragmen00corygoog_0403.png"; bbox 0 0 3022 5040; ppageno 0'>
   <div class='ocr_carea' id='block_1_1' title="bbox 507 319 1286 398">
    <p class='ocr_par' dir='ltr' id='par_1_1' title="bbox 507 319 1286 398">
     <span class='ocr_line' id='line_1_1' title="bbox 507 319 1286 398; baseline -0.003 0"><span class='ocrx_word' id='word_1_1' title='bbox 507 320 745 398; x_wconf 81' lang='lat' dir='ltr'><strong>GEORGE</strong></span> <span class='ocrx_word' id='word_1_2' title='bbox 780 319 1056 397; x_wconf 85' lang='lat' dir='ltr'><strong>CORYAT’S</strong></span> <span class='ocrx_word' id='word_1_3' title='bbox 1093 319 1286 397; x_wconf 82' lang='lat' dir='ltr'><strong>POEMS</strong></span> 
     </span>
    </p>
   </div>
   <div class='ocr_carea' id='block_1_2' title="bbox 309 500 1476 3063">
    <p class='ocr_par' dir='ltr' id='par_1_2' title="bbox 316 500 1476 905">
     <span class='ocr_line' id='line_1_2' title="bbox 316 500 1476 606; baseline -0.003 -27"><span class='ocrx_word' id='word_1_4' title='bbox 316 506 353 579; x_wconf 78' lang='grc' dir='ltr'>δι</span> <span class='ocrx_word' id='word_1_5' title='bbox 382 505 457 606; x_wconf 85' lang='lat' dir='ltr'>jam</span> <span class='ocrx_word' id='word_1_6' title='bbox 488 500 561 577; x_wconf 86' lang='lat' dir='ltr'>fato</span> <span class='ocrx_word' id='word_1_7' title='bbox 590 501 796 578; x_wconf 86' lang='lat' dir='ltr'>defunctum</span> <span class='ocrx_word' id='word_1_8' title='bbox 829 528 960 576; x_wconf 87' lang='lat' dir='ltr'>nomen</span> <span class='ocrx_word' id='word_1_9' title='bbox 991 503 1066 604; x_wconf 89' lang='lat' dir='ltr'>ejus</span> <span class='ocrx_word' id='word_1_10' title='bbox 1095 502 1293 602; x_wconf 86' lang='lat' dir='ltr'>gratissima</span> <span class='ocrx_word' id='word_1_11' title='bbox 1320 502 1476 600; x_wconf 88' lang='lat' dir='ltr'>quadam</span> 
     </span>
     <span class='ocr_line' id='line_1_3' title="bbox 316 602 1476 702; baseline -0.003 -24"><span class='ocrx_word' id='word_1_12' title='bbox 316 605 557 679; x_wconf 80' lang='lat' dir='ltr'><strong>recordatione</strong></span> <span class='ocrx_word' id='word_1_13' title='bbox 576 629 854 678; x_wconf 89' lang='lat' dir='ltr'>commemorare</span> <span class='ocrx_word' id='word_1_14' title='bbox 880 602 1006 694; x_wconf 84' lang='lat' dir='ltr'>solent,</span> <span class='ocrx_word' id='word_1_15' title='bbox 1024 605 1193 677; x_wconf 80' lang='lat' dir='ltr'>instanter</span> <span class='ocrx_word' id='word_1_16' title='bbox 1218 602 1383 702; x_wconf 82' lang='lat' dir='ltr'>precibus</span> <span class='ocrx_word' id='word_1_17' title='bbox 1405 603 1476 674; x_wconf 90' lang='lat' dir='ltr'>suis</span> 
     </span>
     <span class='ocr_line' id='line_1_4' title="bbox 316 703 1476 805; baseline -0.003 -26"><span class='ocrx_word' id='word_1_18' title='bbox 316 731 376 779; x_wconf 87' lang='lat' dir='ltr'>me</span> <span class='ocrx_word' id='word_1_19' title='bbox 408 705 602 778; x_wconf 88' lang='lat' dir='ltr'>identidem</span> <span class='ocrx_word' id='word_1_20' title='bbox 636 703 874 796; x_wconf 77' lang='lat' dir='ltr'>sollicitarunt,</span> <span class='ocrx_word' id='word_1_21' title='bbox 900 720 942 778; x_wconf 94' lang='lat' dir='ltr'>ut</span> <span class='ocrx_word' id='word_1_22' title='bbox 976 703 1165 801; x_wconf 89' lang='lat' dir='ltr'>posthuma</span> <span class='ocrx_word' id='word_1_23' title='bbox 1198 703 1276 805; x_wconf 87' lang='lat' dir='ltr'>ejus</span> <span class='ocrx_word' id='word_1_24' title='bbox 1309 719 1476 802; x_wconf 82' lang='lat' dir='ltr'>poemata</span> 
     </span>
     <span class='ocr_line' id='line_1_5' title="bbox 317 805 877 905; baseline -0.002 -27"><span class='ocrx_word' id='word_1_25' title='bbox 317 806 410 905; x_wconf 85' lang='lat' dir='ltr'>typis</span> <span class='ocrx_word' id='word_1_26' title='bbox 436 805 561 880; x_wconf 88' lang='lat' dir='ltr'>excudi</span> <span class='ocrx_word' id='word_1_27' title='bbox 587 830 756 878; x_wconf 86' lang='lat' dir='ltr'><strong>curarem.</strong></span> <span class='ocrx_word' id='word_1_28' title='bbox 870 822 877 836; x_wconf 75' lang='lat'><strong><em>⁴</em></strong></span> 
     </span>
    </p>

    <p class='ocr_par' dir='ltr' id='par_1_3' title="bbox 309 903 1475 2612">
     <span class='ocr_line' id='line_1_6' title="bbox 366 903 1474 1004; baseline -0.004 -24"><span class='ocrx_word' id='word_1_29' title='bbox 366 907 486 1002; x_wconf 75' lang='lat' dir='ltr'>Quare</span> <span class='ocrx_word' id='word_1_30' title='bbox 511 930 592 980; x_wconf 92' lang='lat' dir='ltr'>cum</span> <span class='ocrx_word' id='word_1_31' title='bbox 619 906 725 1004; x_wconf 80' lang='lat' dir='ltr'>patris</span> <span class='ocrx_word' id='word_1_32' title='bbox 750 903 938 991; x_wconf 89' lang='lat' dir='ltr'>voluntati,</span> <span class='ocrx_word' id='word_1_33' title='bbox 962 919 1039 977; x_wconf 92' lang='lat' dir='ltr'>tum</span> <span class='ocrx_word' id='word_1_34' title='bbox 1065 905 1260 977; x_wconf 89' lang='lat' dir='ltr'>amicorum</span> <span class='ocrx_word' id='word_1_35' title='bbox 1289 903 1474 1002; x_wconf 85' lang='lat' dir='ltr'>postulatis</span> 
     </span>
     <span class='ocr_line' id='line_1_7' title="bbox 315 1003 1475 1106; baseline -0.003 -27"><span class='ocrx_word' id='word_1_36' title='bbox 315 1031 453 1079; x_wconf 89' lang='lat' dir='ltr'>morem</span> <span class='ocrx_word' id='word_1_37' title='bbox 486 1030 625 1106; x_wconf 87' lang='lat' dir='ltr'>gerens,</span> <span class='ocrx_word' id='word_1_38' title='bbox 652 1005 828 1098; x_wconf 84' lang='lat' dir='ltr'>Juvcnilia</span> <span class='ocrx_word' id='word_1_39' title='bbox 861 1004 938 1105; x_wconf 88' lang='lat' dir='ltr'>ejus</span> <span class='ocrx_word' id='word_1_40' title='bbox 968 1003 1175 1079; x_wconf 88' lang='lat' dir='ltr'>Celsitudini</span> <span class='ocrx_word' id='word_1_41' title='bbox 1209 1020 1278 1077; x_wconf 83' lang='lat' dir='ltr'>tuae</span> <span class='ocrx_word' id='word_1_42' title='bbox 1313 1003 1475 1079; x_wconf 76' lang='lat' dir='ltr'>dedicare</span> 
     </span>
     <span class='ocr_line' id='line_1_8' title="bbox 316 1103 1472 1204; baseline -0.002 -24"><span class='ocrx_word' id='word_1_43' title='bbox 316 1132 388 1180; x_wconf 91' lang='lat' dir='ltr'>una</span> <span class='ocrx_word' id='word_1_44' title='bbox 404 1131 485 1178; x_wconf 89' lang='lat' dir='ltr'>cum</span> <span class='ocrx_word' id='word_1_45' title='bbox 502 1106 679 1180; x_wconf 89' lang='lat' dir='ltr'>itinerario</span> <span class='ocrx_word' id='word_1_46' title='bbox 696 1130 779 1178; x_wconf 84' lang='lat' dir='ltr'>meo</span> <span class='ocrx_word' id='word_1_47' title='bbox 795 1130 899 1178; x_wconf 89' lang='lat' dir='ltr'>ausus</span> <span class='ocrx_word' id='word_1_48' title='bbox 916 1130 1008 1196; x_wconf 85' lang='lat' dir='ltr'>sum,</span> <span class='ocrx_word' id='word_1_49' title='bbox 1026 1103 1358 1204; x_wconf 89' lang='lat' dir='ltr'>Celsitudinemque</span> <span class='ocrx_word' id='word_1_50' title='bbox 1374 1121 1472 1178; x_wconf 89' lang='lat' dir='ltr'>tuam</span> 
     </span>
     <span class='ocr_line' id='line_1_9' title="bbox 316 1204 1473 1304; baseline -0.002 -23"><span class='ocrx_word' id='word_1_51' title='bbox 316 1205 512 1281; x_wconf 83' lang='lat' dir='ltr'>humillime</span> <span class='ocrx_word' id='word_1_52' title='bbox 541 1232 606 1280; x_wconf 92' lang='lat' dir='ltr'>oro</span> <span class='ocrx_word' id='word_1_53' title='bbox 634 1221 675 1278; x_wconf 91' lang='lat' dir='ltr'>ut</span> <span class='ocrx_word' id='word_1_54' title='bbox 705 1204 774 1278; x_wconf 91' lang='lat' dir='ltr'>sub</span> <span class='ocrx_word' id='word_1_55' title='bbox 804 1205 1021 1279; x_wconf 86' lang='lat' dir='ltr'>Serenissimi</span> <span class='ocrx_word' id='word_1_56' title='bbox 1047 1205 1201 1279; x_wconf 89' lang='lat' dir='ltr'>nominis</span> <span class='ocrx_word' id='word_1_57' title='bbox 1230 1205 1283 1278; x_wconf 93' lang='lat' dir='ltr'>tui</span> <span class='ocrx_word' id='word_1_58' title='bbox 1312 1206 1473 1304; x_wconf 81' lang='lat' dir='ltr'>auspiciis</span> 
     </span>
     <span class='ocr_line' id='line_1_10' title="bbox 315 1305 1472 1581; baseline -0.001 -102"><span class='ocrx_word' id='word_1_59' title='bbox 315 1324 394 1481; x_wconf 64' lang='lat' dir='ltr'>lt</span> <span class='ocrx_word' id='word_1_60' title='bbox 409 1306 932 1581; x_wconf 45' lang='lat' dir='ltr'>lighpffiliidlssffi</span> <span class='ocrx_word' id='word_1_61' title='bbox 951 1305 1472 1481; x_wconf 54' lang='lat' dir='ltr'>ffiffiililssll</span> 
     </span>
     <span class='ocr_line' id='line_1_11' title="bbox 315 1504 1471 1607; baseline -0.002 -27"><span class='ocrx_word' id='word_1_62' title='bbox 315 1522 422 1607; x_wconf 91' lang='lat' dir='ltr'>atque</span> <span class='ocrx_word' id='word_1_63' title='bbox 460 1507 468 1525; x_wconf 88' lang='lat'>&#39;</span> <span class='ocrx_word' id='word_1_64' title='bbox 498 1522 678 1582; x_wconf 89' lang='lat' dir='ltr'>ustrarunt</span> <span class='ocrx_word' id='word_1_65' title='bbox 715 1506 790 1580; x_wconf 93' lang='lat' dir='ltr'>duo</span> <span class='ocrx_word' id='word_1_66' title='bbox 828 1504 1041 1580; x_wconf 87' lang='lat' dir='ltr'>celeberrimi</span> <span class='ocrx_word' id='word_1_67' title='bbox 1082 1507 1277 1603; x_wconf 84' lang='lat' dir='ltr'>scriptores,</span> <span class='ocrx_word' id='word_1_68' title='bbox 1313 1530 1471 1605; x_wconf 88' lang='lat' dir='ltr'>quorum</span> 
     </span>
     <span class='ocr_line' id='line_1_12' title="bbox 315 1605 1470 1707; baseline -0.002 -25"><span class='ocrx_word' id='word_1_69' title='bbox 315 1632 410 1682; x_wconf 89' lang='lat' dir='ltr'>unus</span> <span class='ocrx_word' id='word_1_70' title='bbox 428 1608 465 1680; x_wconf 93' lang='lat' dir='ltr'>in</span> <span class='ocrx_word' id='word_1_71' title='bbox 487 1607 675 1682; x_wconf 77' lang='lat' dir='ltr'>Germania</span> <span class='ocrx_word' id='word_1_72' title='bbox 695 1622 801 1680; x_wconf 86' lang='lat' dir='ltr'>natus</span> <span class='ocrx_word' id='word_1_73' title='bbox 823 1623 907 1699; x_wconf 90' lang='lat' dir='ltr'>erat,</span> <span class='ocrx_word' id='word_1_74' title='bbox 927 1607 1014 1680; x_wconf 88' lang='lat' dir='ltr'>alter</span> <span class='ocrx_word' id='word_1_75' title='bbox 1036 1608 1072 1680; x_wconf 92' lang='lat' dir='ltr'>in</span> <span class='ocrx_word' id='word_1_76' title='bbox 1098 1608 1207 1706; x_wconf 83' lang='lat' dir='ltr'>patria</span> <span class='ocrx_word' id='word_1_77' title='bbox 1229 1631 1308 1679; x_wconf 84' lang='lat' dir='ltr'>mea</span> <span class='ocrx_word' id='word_1_78' title='bbox 1329 1605 1470 1707; x_wconf 87' lang='lat' dir='ltr'>Anglia,</span> 
     </span>
     <span class='ocr_line' id='line_1_13' title="bbox 316 1705 1470 1805; baseline -0.002 -24"><span class='ocrx_word' id='word_1_79' title='bbox 316 1709 385 1781; x_wconf 83' lang='lat' dir='ltr'>&#39;am</span> <span class='ocrx_word' id='word_1_80' title='bbox 417 1709 546 1783; x_wconf 89' lang='lat' dir='ltr'>tacebo.</span> <span class='ocrx_word' id='word_1_81' title='bbox 599 1708 675 1780; x_wconf 92' lang='lat' dir='ltr'>Hic</span> <span class='ocrx_word' id='word_1_82' title='bbox 710 1708 880 1781; x_wconf 92' lang='lat' dir='ltr'>nimirum</span> <span class='ocrx_word' id='word_1_83' title='bbox 911 1707 1063 1801; x_wconf 87' lang='lat' dir='ltr'>Jacobus</span> <span class='ocrx_word' id='word_1_84' title='bbox 1097 1705 1405 1805; x_wconf 90' lang='lat' dir='ltr'>Middendorpius</span> <span class='ocrx_word' id='word_1_85' title='bbox 1438 1707 1470 1778; x_wconf 93' lang='lat' dir='ltr'>in</span> 
     </span>
     <span class='ocr_line' id='line_1_14' title="bbox 309 1734 1471 1982; baseline -0.001 -100"><span class='ocrx_word' id='word_1_86' title='bbox 309 1734 406 1882; x_wconf 92' lang='lat' dir='ltr'>libro</span> <span class='ocrx_word' id='word_1_87' title='bbox 423 1809 706 1982; x_wconf 52' lang='grc' dir='ltr'>ςαοάιᾞυοιη</span> <span class='ocrx_word' id='word_1_88' title='bbox 722 1808 769 1882; x_wconf 93' lang='lat' dir='ltr'>de</span> <span class='ocrx_word' id='word_1_89' title='bbox 791 1809 901 1882; x_wconf 90' lang='lat' dir='ltr'>totius</span> <span class='ocrx_word' id='word_1_90' title='bbox 918 1809 1011 1881; x_wconf 92' lang='lat' dir='ltr'>orbis</span> <span class='ocrx_word' id='word_1_91' title='bbox 1027 1807 1227 1883; x_wconf 82' lang='lat' dir='ltr'>Academiis</span> <span class='ocrx_word' id='word_1_92' title='bbox 1241 1808 1471 1907; x_wconf 72' lang='lat' dir='ltr'>conseripsit,</span> 
     </span>
     <span class='ocr_line' id='line_1_15' title="bbox 315 1906 1472 2004; baseline 0 -22"><span class='ocrx_word' id='word_1_93' title='bbox 315 1906 373 1982; x_wconf 91' lang='lat' dir='ltr'>ille</span> <span class='ocrx_word' id='word_1_94' title='bbox 402 1926 532 2000; x_wconf 86' lang='lat' dir='ltr'>autem,</span> <span class='ocrx_word' id='word_1_95' title='bbox 594 1908 686 1982; x_wconf 84' lang='lat' dir='ltr'>‘&#39;cet</span> <span class='ocrx_word' id='word_1_96' title='bbox 710 1907 866 2004; x_wconf 89' lang='lat' dir='ltr'>Joannes</span> <span class='ocrx_word' id='word_1_97' title='bbox 892 1907 1003 1983; x_wconf 85' lang='lat' dir='ltr'>Casus</span> <span class='ocrx_word' id='word_1_98' title='bbox 1029 1907 1220 1982; x_wconf 81' lang='lat' dir='ltr'>Medicinae</span> <span class='ocrx_word' id='word_1_99' title='bbox 1246 1907 1407 1997; x_wconf 89' lang='lat' dir='ltr'>Doctor;</span> <span class='ocrx_word' id='word_1_100' title='bbox 1437 1908 1472 1982; x_wconf 76' lang='grc' dir='ltr'>δι</span> 
     </span>
     <span class='ocr_line' id='line_1_16' title="bbox 316 2007 1471 2110; baseline -0.002 -26"><span class='ocrx_word' id='word_1_101' title='bbox 316 2007 466 2110; x_wconf 88' lang='lat' dir='ltr'>Collegii</span> <span class='ocrx_word' id='word_1_102' title='bbox 486 2008 570 2093; x_wconf 87' lang='lat' dir='ltr'>Divi</span> <span class='ocrx_word' id='word_1_103' title='bbox 585 2009 731 2102; x_wconf 88' lang='lat' dir='ltr'>Joannis</span> <span class='ocrx_word' id='word_1_104' title='bbox 748 2009 980 2083; x_wconf 82' lang='lat' dir='ltr'>Praecursoris</span> <span class='ocrx_word' id='word_1_105' title='bbox 999 2007 1095 2108; x_wconf 90' lang='lat' dir='ltr'>apud</span> <span class='ocrx_word' id='word_1_106' title='bbox 1116 2008 1339 2082; x_wconf 82' lang='lat' dir='ltr'>Oxonienses</span> <span class='ocrx_word' id='word_1_107' title='bbox 1355 2033 1471 2108; x_wconf 91' lang='lat' dir='ltr'>quon·</span> 
     </span>
     <span class='ocr_line' id='line_1_17' title="bbox 315 2107 1470 2211; baseline -0.001 -28"><span class='ocrx_word' id='word_1_108' title='bbox 315 2108 397 2183; x_wconf 83' lang='lat' dir='ltr'>dam</span> <span class='ocrx_word' id='word_1_109' title='bbox 428 2110 552 2197; x_wconf 90' lang='lat' dir='ltr'>socius,</span> <span class='ocrx_word' id='word_1_110' title='bbox 568 2109 616 2196; x_wconf 92' lang='lat' dir='ltr'>in</span> <span class='ocrx_word' id='word_1_111' title='bbox 644 2109 903 2211; x_wconf 84' lang='lat' dir='ltr'>elegantissimo</span> <span class='ocrx_word' id='word_1_112' title='bbox 930 2108 1021 2182; x_wconf 90' lang='lat' dir='ltr'>libro</span> <span class='ocrx_word' id='word_1_113' title='bbox 1048 2134 1114 2183; x_wconf 89' lang='lat' dir='ltr'>suo</span> <span class='ocrx_word' id='word_1_114' title='bbox 1141 2133 1248 2209; x_wconf 90' lang='lat' dir='ltr'>quem</span> <span class='ocrx_word' id='word_1_115' title='bbox 1279 2107 1470 2206; x_wconf 87' lang='lat' dir='ltr'>Speculum</span> 
     </span>
     <span class='ocr_line' id='line_1_18' title="bbox 316 2209 1472 2310; baseline 0.001 -29"><span class='ocrx_word' id='word_1_116' title='bbox 316 2209 516 2283; x_wconf 88' lang='lat' dir='ltr'>Moralium</span> <span class='ocrx_word' id='word_1_117' title='bbox 542 2209 727 2308; x_wconf 87' lang='lat' dir='ltr'>inscripsit,</span> <span class='ocrx_word' id='word_1_118' title='bbox 748 2209 937 2283; x_wconf 91' lang='lat' dir='ltr'>charissimi</span> <span class='ocrx_word' id='word_1_119' title='bbox 962 2211 1069 2308; x_wconf 80' lang='lat' dir='ltr'>patris</span> <span class='ocrx_word' id='word_1_120' title='bbox 1094 2211 1164 2283; x_wconf 91' lang='lat' dir='ltr'>mei</span> <span class='ocrx_word' id='word_1_121' title='bbox 1190 2233 1322 2283; x_wconf 91' lang='lat' dir='ltr'>nornen</span> <span class='ocrx_word' id='word_1_122' title='bbox 1347 2209 1472 2310; x_wconf 86' lang='lat' dir='ltr'>hujus-</span> 
     </span>
     <span class='ocr_line' id='line_1_19' title="bbox 314 2308 1471 2412; baseline 0 -30"><span class='ocrx_word' id='word_1_123' title='bbox 314 2310 414 2383; x_wconf 93' lang='lat' dir='ltr'>modi</span> <span class='ocrx_word' id='word_1_124' title='bbox 429 2310 546 2385; x_wconf 87' lang='lat' dir='ltr'>verbis</span> <span class='ocrx_word' id='word_1_125' title='bbox 566 2311 697 2384; x_wconf 81' lang='lat' dir='ltr'>citavit</span> <span class='ocrx_word' id='word_1_126' title='bbox 748 2308 923 2412; x_wconf 87' lang='lat' dir='ltr'>Georgius</span> <span class='ocrx_word' id='word_1_127' title='bbox 940 2309 1117 2408; x_wconf 86' lang='lat' dir='ltr'>Coryatus</span> <span class='ocrx_word' id='word_1_128' title='bbox 1137 2325 1240 2409; x_wconf 87' lang='lat' dir='ltr'>poeta</span> <span class='ocrx_word' id='word_1_129' title='bbox 1256 2309 1471 2384; x_wconf 83' lang='lat' dir='ltr'>Oxoniensis</span> 
     </span>
     <span class='ocr_line' id='line_1_20' title="bbox 313 2408 1471 2511; baseline -0.001 -28"><span class='ocrx_word' id='word_1_130' title='bbox 313 2408 361 2486; x_wconf 90' lang='lat' dir='ltr'>ita</span> <span class='ocrx_word' id='word_1_131' title='bbox 387 2411 567 2510; x_wconf 90' lang='lat' dir='ltr'>quondam</span> <span class='ocrx_word' id='word_1_132' title='bbox 591 2410 728 2502; x_wconf 85' lang='lat' dir='ltr'>cecinit,</span> <span class='ocrx_word' id='word_1_133' title='bbox 753 2412 790 2485; x_wconf 78' lang='grc' dir='ltr'>δι</span> <span class='ocrx_word' id='word_1_134' title='bbox 815 2412 931 2485; x_wconf 84' lang='lat' dir='ltr'>statim</span> <span class='ocrx_word' id='word_1_135' title='bbox 957 2426 1107 2511; x_wconf 91' lang='lat' dir='ltr'>uterque</span> <span class='ocrx_word' id='word_1_136' title='bbox 1128 2412 1193 2485; x_wconf 88' lang='lat' dir='ltr'>ista</span> <span class='ocrx_word' id='word_1_137' title='bbox 1216 2409 1372 2484; x_wconf 78' lang='lat' dir='ltr'>carmina</span> <span class='ocrx_word' id='word_1_138' title='bbox 1399 2408 1471 2510; x_wconf 91' lang='lat' dir='ltr'>ejus</span> 
     </span>
     <span class='ocr_line' id='line_1_21' title="bbox 314 2510 505 2612; baseline 0.01 -29"><span class='ocrx_word' id='word_1_139' title='bbox 314 2510 505 2612; x_wconf 76' lang='lat' dir='ltr'>subjungit</span> 
     </span>
    </p>

    <p class='ocr_par' dir='ltr' id='par_1_4' title="bbox 390 2660 1370 2760">
     <span class='ocr_line' id='line_1_22' title="bbox 390 2660 1370 2760; baseline 0.001 -26"><span class='ocrx_word' id='word_1_140' title='bbox 390 2661 441 2735; x_wconf 90' lang='lat' dir='ltr'>Et</span> <span class='ocrx_word' id='word_1_141' title='bbox 464 2660 538 2735; x_wconf 91' lang='lat' dir='ltr'>duo</span> <span class='ocrx_word' id='word_1_142' title='bbox 561 2677 648 2735; x_wconf 90' lang='lat' dir='ltr'>sunt</span> <span class='ocrx_word' id='word_1_143' title='bbox 672 2678 790 2734; x_wconf 88' lang='lat' dir='ltr'>totum</span> <span class='ocrx_word' id='word_1_144' title='bbox 816 2661 1009 2760; x_wconf 86' lang='lat' dir='ltr'>Gymnasia</span> <span class='ocrx_word' id='word_1_145' title='bbox 1035 2677 1120 2736; x_wconf 86' lang='lat' dir='ltr'>nota</span> <span class='ocrx_word' id='word_1_146' title='bbox 1145 2686 1206 2759; x_wconf 89' lang='lat' dir='ltr'>per</span> <span class='ocrx_word' id='word_1_147' title='bbox 1231 2660 1370 2753; x_wconf 85' lang='lat' dir='ltr'>orbem,</span> 
     </span>
    </p>

    <p class='ocr_par' dir='ltr' id='par_1_5' title="bbox 391 2761 1319 2854">
     <span class='ocr_line' id='line_1_23' title="bbox 391 2761 1319 2854; baseline 0.001 -21"><span class='ocrx_word' id='word_1_148' title='bbox 391 2762 573 2834; x_wconf 86' lang='lat' dir='ltr'>Oxonium</span> <span class='ocrx_word' id='word_1_149' title='bbox 599 2761 723 2835; x_wconf 87' lang='lat' dir='ltr'>studiis</span> <span class='ocrx_word' id='word_1_150' title='bbox 747 2762 889 2854; x_wconf 85' lang='lat' dir='ltr'>florens,</span> <span class='ocrx_word' id='word_1_151' title='bbox 914 2763 1000 2835; x_wconf 93' lang='lat' dir='ltr'>mihi</span> <span class='ocrx_word' id='word_1_152' title='bbox 1029 2762 1141 2836; x_wconf 92' lang='lat' dir='ltr'>dulcis</span> <span class='ocrx_word' id='word_1_153' title='bbox 1165 2763 1319 2854; x_wconf 87' lang='lat' dir='ltr'>alumna,</span> 
     </span>
    </p>

    <p class='ocr_par' dir='ltr' id='par_1_6' title="bbox 389 2862 1417 2961">
     <span class='ocr_line' id='line_1_24' title="bbox 389 2862 1417 2961; baseline 0.002 -27"><span class='ocrx_word' id='word_1_154' title='bbox 389 2863 498 2961; x_wconf 87' lang='lat' dir='ltr'>Regis</span> <span class='ocrx_word' id='word_1_155' title='bbox 523 2887 636 2961; x_wconf 88' lang='lat' dir='ltr'>opus;</span> <span class='ocrx_word' id='word_1_156' title='bbox 661 2877 793 2961; x_wconf 87' lang='lat' dir='ltr'>tuaque</span> <span class='ocrx_word' id='word_1_157' title='bbox 819 2862 979 2961; x_wconf 88' lang='lat' dir='ltr'>(illustris</span> <span class='ocrx_word' id='word_1_158' title='bbox 1006 2863 1084 2936; x_wconf 80' lang='lat' dir='ltr'>Rex</span> <span class='ocrx_word' id='word_1_159' title='bbox 1105 2862 1296 2959; x_wconf 84' lang='lat' dir='ltr'>Cantaber)</span> <span class='ocrx_word' id='word_1_160' title='bbox 1321 2865 1417 2937; x_wconf 79' lang='lat' dir='ltr'>aeder</span> 
     </span>
    </p>

    <p class='ocr_par' dir='ltr' id='par_1_7' title="bbox 391 2961 1241 3063">
     <span class='ocr_line' id='line_1_25' title="bbox 391 2961 1241 3063; baseline 0 -29"><span class='ocrx_word' id='word_1_161' title='bbox 391 2962 584 3063; x_wconf 85' lang='lat' dir='ltr'>Magnifice</span> <span class='ocrx_word' id='word_1_162' title='bbox 609 2961 740 3036; x_wconf 84' lang='lat' dir='ltr'>florens</span> <span class='ocrx_word' id='word_1_163' title='bbox 764 2964 868 3036; x_wconf 85' lang='lat' dir='ltr'>sacris</span> <span class='ocrx_word' id='word_1_164' title='bbox 891 2964 1084 3038; x_wconf 83' lang='lat' dir='ltr'>Academia</span> <span class='ocrx_word' id='word_1_165' title='bbox 1111 2964 1241 3036; x_wconf 91' lang='lat' dir='ltr'>Musis.</span> 
     </span>
    </p>
   </div>
   <div class='ocr_carea' id='block_1_3' title="bbox 310 3112 1470 4321">
    <p class='ocr_par' dir='ltr' id='par_1_8' title="bbox 310 3112 1470 4321">
     <span class='ocr_line' id='line_1_26' title="bbox 363 3112 1470 3214; baseline 0 -28"><span class='ocrx_word' id='word_1_166' title='bbox 363 3112 465 3207; x_wconf 73' lang='lat' dir='ltr'>Quae</span> <span class='ocrx_word' id='word_1_167' title='bbox 493 3113 647 3186; x_wconf 88' lang='lat' dir='ltr'>carmina</span> <span class='ocrx_word' id='word_1_168' title='bbox 680 3138 752 3213; x_wconf 88' lang='lat' dir='ltr'>qua</span> <span class='ocrx_word' id='word_1_169' title='bbox 841 3115 912 3188; x_wconf 82' lang='lat' dir='ltr'>‘nta</span> <span class='ocrx_word' id='word_1_170' title='bbox 944 3113 1023 3213; x_wconf 90' lang='lat' dir='ltr'>plus</span> <span class='ocrx_word' id='word_1_171' title='bbox 1058 3115 1178 3188; x_wconf 89' lang='lat' dir='ltr'>minus</span> <span class='ocrx_word' id='word_1_172' title='bbox 1211 3114 1312 3188; x_wconf 91' lang='lat' dir='ltr'>annis</span> <span class='ocrx_word' id='word_1_173' title='bbox 1345 3113 1470 3214; x_wconf 85' lang='lat' dir='ltr'>elapsis</span> 
     </span>
     <span class='ocr_line' id='line_1_27' title="bbox 313 3211 1468 3314; baseline 0.006 -31"><span class='ocrx_word' id='word_1_174' title='bbox 313 3236 395 3284; x_wconf 93' lang='lat' dir='ltr'>cum</span> <span class='ocrx_word' id='word_1_175' title='bbox 430 3211 592 3310; x_wconf 94' lang='lat' dir='ltr'>plurimis</span> <span class='ocrx_word' id='word_1_176' title='bbox 625 3213 698 3287; x_wconf 93' lang='lat' dir='ltr'>aliis</span> <span class='ocrx_word' id='word_1_177' title='bbox 732 3214 778 3288; x_wconf 89' lang='lat' dir='ltr'>de</span> <span class='ocrx_word' id='word_1_178' title='bbox 837 3215 1044 3314; x_wconf 88' lang='lat' dir='ltr'>escriptione</span> <span class='ocrx_word' id='word_1_179' title='bbox 1077 3214 1229 3314; x_wconf 86' lang='lat' dir='ltr'>Angliae,</span> <span class='ocrx_word' id='word_1_180' title='bbox 1265 3215 1405 3307; x_wconf 84' lang='lat' dir='ltr'>Scotiae,</span> <span class='ocrx_word' id='word_1_181' title='bbox 1435 3217 1468 3290; x_wconf 79' lang='grc' dir='ltr'>δι</span> 
     </span>
     <span class='ocr_line' id='line_1_28' title="bbox 315 3310 1468 3416; baseline 0.005 -33"><span class='ocrx_word' id='word_1_182' title='bbox 315 3310 526 3412; x_wconf 88' lang='lat' dir='ltr'>Hyberniae,</span> <span class='ocrx_word' id='word_1_183' title='bbox 557 3313 791 3389; x_wconf 83' lang='lat' dir='ltr'>Serenissimae</span> <span class='ocrx_word' id='word_1_184' title='bbox 826 3314 972 3416; x_wconf 88' lang='lat' dir='ltr'>Reginae</span> <span class='ocrx_word' id='word_1_185' title='bbox 1007 3313 1223 3389; x_wconf 82' lang='lat' dir='ltr'>Elizabethae</span> <span class='ocrx_word' id='word_1_186' title='bbox 1254 3313 1363 3389; x_wconf 76' lang='lat' dir='ltr'>beatae</span> <span class='ocrx_word' id='word_1_187' title='bbox 1396 3342 1468 3389; x_wconf 90' lang='lat' dir='ltr'>mc-</span> 
     </span>
     <span class='ocr_line' id='line_1_29' title="bbox 313 3413 1467 3514; baseline 0.006 -31"><span class='ocrx_word' id='word_1_188' title='bbox 313 3413 432 3485; x_wconf 87' lang='lat' dir='ltr'>moriae</span> <span class='ocrx_word' id='word_1_189' title='bbox 457 3413 550 3514; x_wconf 87' lang='lat' dir='ltr'>(jam</span> <span class='ocrx_word' id='word_1_190' title='bbox 576 3439 658 3487; x_wconf 91' lang='lat' dir='ltr'>cum</span> <span class='ocrx_word' id='word_1_191' title='bbox 684 3413 843 3489; x_wconf 88' lang='lat' dir='ltr'>caelicolis</span> <span class='ocrx_word' id='word_1_192' title='bbox 868 3417 905 3488; x_wconf 92' lang='lat' dir='ltr'>in</span> <span class='ocrx_word' id='word_1_193' title='bbox 930 3413 1055 3490; x_wconf 79' lang='lat' dir='ltr'>caeleuti</span> <span class='ocrx_word' id='word_1_194' title='bbox 1082 3415 1335 3513; x_wconf 88' lang='lat' dir='ltr'>Hierosolyma</span> <span class='ocrx_word' id='word_1_195' title='bbox 1358 3417 1467 3490; x_wconf 90' lang='lat' dir='ltr'>vitam</span> 
     </span>
     <span class='ocr_line' id='line_1_30' title="bbox 312 3511 1468 3716; baseline 0.004 -33"><span class='ocrx_word' id='word_1_196' title='bbox 312 3511 923 3715; x_wconf 54' lang='lat' dir='ltr'>iiiiiimvigsiilii‘iipilib</span> <span class='ocrx_word' id='word_1_197' title='bbox 950 3516 1032 3699; x_wconf 63' lang='lat' dir='ltr'>iiis</span> <span class='ocrx_word' id='word_1_198' title='bbox 1049 3514 1468 3716; x_wconf 58' lang='lat' dir='ltr'>{silaiiil’uingpssli</span> 
     </span>
     <span class='ocr_line' id='line_1_31' title="bbox 312 3713 1466 3817; baseline 0.004 -31"><span class='ocrx_word' id='word_1_199' title='bbox 312 3713 365 3786; x_wconf 90' lang='lat' dir='ltr'>sui</span> <span class='ocrx_word' id='word_1_200' title='bbox 395 3716 610 3812; x_wconf 87' lang='lat' dir='ltr'>composuit,</span> <span class='ocrx_word' id='word_1_201' title='bbox 637 3716 856 3817; x_wconf 85' lang='lat' dir='ltr'>elegantibus</span> <span class='ocrx_word' id='word_1_202' title='bbox 883 3743 966 3791; x_wconf 88' lang='lat' dir='ltr'>sane</span> <span class='ocrx_word' id='word_1_203' title='bbox 991 3743 1030 3791; x_wconf 87' lang='lat' dir='ltr'>ac</span> <span class='ocrx_word' id='word_1_204' title='bbox 1059 3717 1079 3790; x_wconf 73' lang='lat' dir='ltr'>a</span> <span class='ocrx_word' id='word_1_205' title='bbox 1105 3717 1191 3791; x_wconf 91' lang='lat' dir='ltr'>viris</span> <span class='ocrx_word' id='word_1_206' title='bbox 1217 3716 1366 3790; x_wconf 89' lang='lat' dir='ltr'>eruditis</span> <span class='ocrx_word' id='word_1_207' title='bbox 1399 3744 1466 3791; x_wconf 91' lang='lat' dir='ltr'>non</span> 
     </span>
     <span class='ocr_line' id='line_1_32' title="bbox 312 3813 1467 3918; baseline 0.003 -31"><span class='ocrx_word' id='word_1_208' title='bbox 312 3837 437 3911; x_wconf 87' lang='lat' dir='ltr'>parum</span> <span class='ocrx_word' id='word_1_209' title='bbox 463 3813 622 3908; x_wconf 84' lang='lat' dir='ltr'>laudatis,</span> <span class='ocrx_word' id='word_1_210' title='bbox 646 3817 721 3892; x_wconf 88' lang='lat' dir='ltr'>sive</span> <span class='ocrx_word' id='word_1_211' title='bbox 746 3818 853 3916; x_wconf 81' lang='lat' dir='ltr'>patris</span> <span class='ocrx_word' id='word_1_212' title='bbox 879 3818 1021 3908; x_wconf 88' lang='lat' dir='ltr'>incuria,</span> <span class='ocrx_word' id='word_1_213' title='bbox 1043 3818 1118 3890; x_wconf 87' lang='lat' dir='ltr'>sive</span> <span class='ocrx_word' id='word_1_214' title='bbox 1143 3817 1314 3915; x_wconf 85' lang='lat' dir='ltr'>temporis</span> <span class='ocrx_word' id='word_1_215' title='bbox 1340 3818 1467 3918; x_wconf 83' lang='lat' dir='ltr'>injuria</span> 
     </span>
     <span class='ocr_line' id='line_1_33' title="bbox 311 3914 1466 4018; baseline 0.003 -32"><span class='ocrx_word' id='word_1_216' title='bbox 311 3914 437 4011; x_wconf 82' lang='lat' dir='ltr'>partim</span> <span class='ocrx_word' id='word_1_217' title='bbox 460 3915 624 3989; x_wconf 89' lang='lat' dir='ltr'>interiere</span> <span class='ocrx_word' id='word_1_218' title='bbox 645 3943 684 3991; x_wconf 87' lang='lat' dir='ltr'>ac</span> <span class='ocrx_word' id='word_1_219' title='bbox 706 3919 857 3993; x_wconf 79' lang='lat' dir='ltr'>extincta</span> <span class='ocrx_word' id='word_1_220' title='bbox 876 3916 1007 4018; x_wconf 86' lang='lat' dir='ltr'>jacent,</span> <span class='ocrx_word' id='word_1_221' title='bbox 1031 3918 1156 4014; x_wconf 87' lang='lat' dir='ltr'>partim</span> <span class='ocrx_word' id='word_1_222' title='bbox 1179 3918 1319 3992; x_wconf 73' lang='lat' dir='ltr'>cariosis</span> <span class='ocrx_word' id='word_1_223' title='bbox 1341 3920 1466 3992; x_wconf 87' lang='lat' dir='ltr'>chartis</span> 
     </span>
     <span class='ocr_line' id='line_1_34' title="bbox 311 4013 1465 4115; baseline 0.001 -26"><span class='ocrx_word' id='word_1_224' title='bbox 311 4013 398 4089; x_wconf 77' lang='lat' dir='ltr'>adeo</span> <span class='ocrx_word' id='word_1_225' title='bbox 429 4014 530 4089; x_wconf 90' lang='lat' dir='ltr'>tineis</span> <span class='ocrx_word' id='word_1_226' title='bbox 555 4016 716 4091; x_wconf 90' lang='lat' dir='ltr'>edacibus</span> <span class='ocrx_word' id='word_1_227' title='bbox 740 4017 891 4093; x_wconf 79' lang='lat' dir='ltr'>corrosis</span> <span class='ocrx_word' id='word_1_228' title='bbox 915 4016 1144 4115; x_wconf 87' lang='lat' dir='ltr'>sepeliuntur,</span> <span class='ocrx_word' id='word_1_229' title='bbox 1170 4035 1210 4090; x_wconf 90' lang='lat' dir='ltr'>ut</span> <span class='ocrx_word' id='word_1_230' title='bbox 1234 4019 1354 4091; x_wconf 90' lang='lat' dir='ltr'>omnis</span> <span class='ocrx_word' id='word_1_231' title='bbox 1381 4017 1465 4093; x_wconf 92' lang='lat' dir='ltr'>mihi</span> 
     </span>
     <span class='ocr_line' id='line_1_35' title="bbox 311 4115 1464 4218; baseline 0.007 -32"><span class='ocrx_word' id='word_1_232' title='bbox 311 4139 391 4212; x_wconf 89' lang='lat' dir='ltr'>spes</span> <span class='ocrx_word' id='word_1_233' title='bbox 425 4115 632 4212; x_wconf 82' lang='lat' dir='ltr'>praecidatur</span> <span class='ocrx_word' id='word_1_234' title='bbox 665 4118 771 4192; x_wconf 88' lang='lat' dir='ltr'>ullam</span> <span class='ocrx_word' id='word_1_235' title='bbox 802 4118 944 4193; x_wconf 87' lang='lat' dir='ltr'>illorum</span> <span class='ocrx_word' id='word_1_236' title='bbox 976 4118 1180 4217; x_wconf 84' lang='lat' dir='ltr'>particulam</span> <span class='ocrx_word' id='word_1_237' title='bbox 1214 4118 1250 4191; x_wconf 92' lang='lat' dir='ltr'>in</span> <span class='ocrx_word' id='word_1_238' title='bbox 1284 4117 1464 4218; x_wconf 90' lang='lat' dir='ltr'>publicum</span> 
     </span>
     <span class='ocr_line' id='line_1_36' title="bbox 310 4216 1463 4321; baseline 0.003 -34"><span class='ocrx_word' id='word_1_239' title='bbox 310 4216 507 4291; x_wconf 87' lang='lat' dir='ltr'>emittendi.</span> <span class='ocrx_word' id='word_1_240' title='bbox 557 4218 650 4314; x_wconf 73' lang='lat' dir='ltr'>Quae</span> <span class='ocrx_word' id='word_1_241' title='bbox 676 4244 762 4295; x_wconf 84' lang='lat' dir='ltr'>vero</span> <span class='ocrx_word' id='word_1_242' title='bbox 781 4221 857 4321; x_wconf 84' lang='lat' dir='ltr'>jam</span> <span class='ocrx_word' id='word_1_243' title='bbox 880 4219 1089 4318; x_wconf 82' lang='lat' dir='ltr'>conquisivi,</span> <span class='ocrx_word' id='word_1_244' title='bbox 1105 4221 1143 4294; x_wconf 77' lang='grc' dir='ltr'>δι</span> <span class='ocrx_word' id='word_1_245' title='bbox 1169 4219 1206 4292; x_wconf 88' lang='lat' dir='ltr'>in</span> <span class='ocrx_word' id='word_1_246' title='bbox 1232 4244 1346 4293; x_wconf 91' lang='lat' dir='ltr'>unum</span> <span class='ocrx_word' id='word_1_247' title='bbox 1371 4219 1463 4320; x_wconf 85' lang='lat' dir='ltr'>quasi</span> 
     </span>
    </p>
   </div>
   <div class='ocr_carea' id='block_1_4' title="bbox 0 0 1516 5040">
    <p class='ocr_par' dir='ltr' id='par_1_9' title="bbox 0 0 1516 5040">
     <span class='ocr_line' id='line_1_37' title="bbox 0 0 1516 5040; baseline 0 3"><span class='ocrx_word' id='word_1_248' title='bbox 0 0 1516 5040; x_wconf 95' lang='lat' dir='ltr'> </span> 
     </span>
    </p>
   </div>
  </div>
 </body>
</html>
