3022 5040
100 471 198 611 {pirric
211 486 235 532 ro

102 633 282 711 Ruspinam,

101 716 236 777 Preacler.

573 296 849 373 CORYAT’S
886 296 1200 374 CRUDITIES

310 480 530 581 propinquis,
556 481 590 554 δι
616 480 816 554 necessariis
840 479 1018 582 reliquum
1044 480 1156 553 aetatis
1181 494 1349 569 conterat,
1375 504 1463 578 prae·

309 580 412 680 cipue
427 607 540 682 quum
556 581 666 680 patria
683 607 746 654 sua
761 580 1008 655 eruditissimis
1023 580 1109 654 viris
1124 580 1293 669 abundet,
1310 604 1465 680 quorum

312 681 457 755 societas
481 680 532 754 illi
559 699 638 755 tum
662 680 871 782 adjumento
895 681 933 754 in
958 681 1174 755 conficiendo
1199 680 1367 754 doetrinae
1392 706 1464 753 sue

311 781 442 872 studio,
458 781 708 856 &levamento
726 782 763 855 in
779 780 995 856 sublevandi
1011 782 1074 855 sui
1088 798 1245 881 egestate
1260 777 1380 855 firtura
1396 781 1464 868 sit;

308 880 357 952 sic
391 881 495 954 etiam
530 897 627 978 pater
661 880 770 978 ipsius
797 878 1047 980 φιλοστοργίαν
1075 905 1173 952 suam
1201 877 1398 965 declarabit,
1425 879 1463 951 dc

310 980 445 1153 paterni
477 1007 560 1082 erga
590 980 693 1054 illum
724 981 853 1054 amoris
885 981 1061 1080 specimen
1092 980 1277 1081 egregium
1309 981 1402 1070 edet,
1434 981 1464 1053 si

326 1081 428 1154 ‘teras
454 1080 499 1155 ad
527 1081 630 1155 illum
657 1081 841 1179 scripserit,
870 1080 1112 1183 quibuscum
1138 1081 1182 1154 ad
1210 1097 1353 1179 penates
1381 1106 1466 1153 suos

310 1180 506 1282 Tigurinos
521 1199 673 1272 revocet,
690 1185 763 1297 qud
780 1181 922 1256 tandem
937 1179 1127 1281 aliquandb
1142 1198 1222 1280 post
1252 1180 1466 1256 diuturnum

311 1281 407 1356 istud
424 1282 524 1382 quasi
541 1281 784 1355 voluntarium
801 1280 948 1355 exilium
964 1307 1008 1355 ex
1025 1280 1119 1357 dulci
1137 1281 1200 1354 sui
1260 1281 1327 1354 tria
1342 1281 1409 1356 sibi
1426 1281 1465 1354 in

311 1382 439 1455 canicie
457 1383 519 1455 sui
536 1380 802 1471 adminiculum,
819 1379 981 1456 &veluti
999 1382 1169 1456 idoneum
1248 1397 1467 1455 senectutem

312 1508 412 1555 suam
429 1481 702 1556 suffulciendam
718 1481 883 1556 baculum
901 1482 957 1555 sit.
1009 1480 1108 1556 Tum
1125 1481 1233 1581 patris
1250 1499 1329 1556 tum
1345 1482 1466 1582 patriae

312 1608 384 1655 suae
410 1582 513 1655 causi
539 1599 626 1681 opto
653 1582 685 1654 ei
713 1608 756 1655 ex
783 1583 902 1654 animo
930 1583 1043 1682 magis
1070 1581 1258 1656 secundam
1286 1579 1466 1656 fortunam

311 1684 419 1782 quim
435 1682 530 1781 apud
548 1708 613 1754 nos
630 1678 771 1755 fruitur.
824 1682 920 1755 Nam
937 1684 1085 1781 patriam
1102 1683 1214 1781 ipsius
1230 1698 1329 1756 tanto
1347 1707 1467 1757 amore

311 1782 513 1880 amplector,
535 1799 576 1855 ut
597 1782 640 1880 (si
661 1783 764 1855 Deus
783 1783 870 1855 mihi
891 1783 1003 1856 vitam
1024 1782 1267 1883 prorogaverit
1302 1782 1340 1855 in
1360 1807 1467 1881 prox·

312 1883 383 1955 ima
401 1883 478 1955 mea
495 1882 704 1955 Germanica
721 1879 936 1981 profectione
954 1899 1065 1956 totam
1083 1899 1238 1956 vestram
1300 1880 1468 1956 elvetiam

311 1980 520 2080 perlustrare
547 1982 774 2072 decreverim,
804 1983 977 2080 praecipue
1006 1983 1179 2058 tredecem
1207 1999 1345 2056 vestros
1371 1982 1467 2056 Can-

313 2099 424 2173 tones‚
449 2082 630 2182 Tigurum
653 2082 687 2156 δι
709 2081 880 2156 Basileam
904 2084 1045 2173 iterum,
1070 2083 1231 2173 Bemam,
1256 2078 1467 2173 Scafusium,

312 2181 538 2272 solodurum,
571 2182 781 2272 Lucernam,
815 2183 1043 2284 Friburgum,
1077 2182 1247 2272 siriciam,
1280 2182 1467 2273 Uraniam,

313 2280 525 2380 Sylvaniam‚
545 2281 720 2383 Tugium,
740 2281 916 2374 Glaream,
936 2285 970 2357 δι
988 2282 1139 2358 Abbatis
1157 2281 1290 2356 cellam

363 2383 431 2457 Sed
450 2385 523 2482 qud
543 2383 686 2457 tandem
705 2385 857 2457 excurrit
875 2382 934 2456 vel
952 2384 1149 2481 expatiatur
1168 2382 1320 2458 calamus
1339 2383 1465 2456 meus?

313 2482 472 2582 ignoscas
494 2509 613 2583 quaeso
637 2481 828 2581 prolixitati
853 2509 939 2557 meae
962 2482 1184 2583 (dignissime
1206 2483 1276 2583 vir)
1300 2509 1381 2556 nam
1404 2485 1468 2557 tua

313 2583 532 2656 humanitate
553 2578 664 2656 fretus
685 2583 807 2684 (quam
827 2609 865 2656 re
885 2584 960 2681 ipsa
981 2609 1053 2655 non
1074 2584 1122 2657 ita
1142 2583 1280 2682 pridem
1300 2601 1468 2682 expertus

314 2681 408 2781 sum)
438 2681 571 2755 calamo
600 2709 681 2756 meo
712 2684 817 2756 nimis
847 2682 941 2756 laxas
970 2683 1122 2756 habenas
1151 2683 1245 2773 dedi,
1277 2709 1363 2784 quas
1392 2683 1467 2784 jam

312 2782 522 2882 restringere
538 2783 692 2903 expedit,
711 2809 755 2856 ne
773 2783 838 2856 tibi
855 2784 893 2857 in
910 2782 1146 2883 pulcherrimo
1164 2800 1228 2856 tuo
1245 2782 1467 2884 Theologico

312 2881 432 2955 studio
454 2883 599 2980 impigre
621 2881 774 2954 currenti
796 2882 861 2954 ista
881 2880 1027 2955 levicula
1048 2878 1204 2980 πάρεργα
1225 2884 1295 2954 sint
1319 2882 1468 2980 impedi·

314 2998 448 3072 mento,
503 2985 552 3055 ub
584 2982 703 3055 minus
733 2982 777 3055 ad
808 2998 1001 3055 extremam
1032 2981 1194 3056 curriculi
1226 3000 1356 3056 metam
1388 3008 1466 3081 per·

313 3083 444 3156 venias.
479 3008 666 3156 tl³romisit
684 3083 770 3155 mihi
790 3082 947 3183 (egregie
964 3082 1034 3182 vir)
1053 3083 1231 3183 ingenuus
1248 3081 1306 3156 ille
1322 3084 1468 3184 juvenis

315 3183 461 3254 Marcus
481 3181 651 3256 Buelerus
671 3208 707 3255 se
727 3181 995 3256 sollicitaturum
1015 3200 1050 3256 te
1070 3200 1111 3256 ut
1131 3183 1218 3255 mihi
1238 3185 1415 3274 rescribas,
1438 3184 1466 3257 si

312 3281 411 3381 pribs
428 3281 473 3355 ad
491 3299 526 3355 te
546 3282 740 3355 scriberem.
793 3279 880 3374 Qro
898 3308 955 3356 me
973 3279 1093 3356 favore
1112 3283 1141 3355 si
1159 3283 1326 3384 dignatus
1345 3281 1466 3374 fueris,

313 3407 427 3483 usque
450 3382 495 3455 ad
518 3398 716 3455 extremum
739 3382 824 3455 vitre
848 3381 998 3455 halitum
1021 3383 1221 3483 obstringes

612 3514 697 3589 Tibi
720 3516 994 3632 deditissimum,
1019 3517 1159 3618 tuaeque
1181 3516 1348 3591 doctrine
1371 3513 1467 3592 haud

834 3641 1024 3690 minimum
1049 3641 1244 3716 preconem

693 3747 872 3823 Thomam
890 3750 1086 3847 Coryatum
1104 3750 1414 3824 Odcombiensem.

671 3865 797 3925 londini
819 3865 912 3946 pridie
933 3866 1032 3927 Calen.
1074 3870 1191 3944 August.
1234 3869 1321 3926 Anno
1346 3867 1431 3947 1609.
